3270 5020
538 444 706 513 Respublica
724 443 845 512 Bojema.
865 446 932 512 Gap.
950 444 1026 498 XIII.
1260 463 1262 466 ·
1317 449 1380 518 249

190 587 357 669 aubeeque
389 590 542 656 comitatu
572 606 641 670 suo,
675 604 793 670 pompa
828 588 930 670 regia,
966 589 1174 669 praelerente
1204 589 1383 654 districtum

189 675 329 756 gladium
376 677 470 743 aulae
516 676 721 756 inarescalco‚
767 677 799 741 in
847 676 1008 742 comitium
1054 667 1203 752 (vocatur
1248 677 1385 743 riaudod

190 759 358 846 aaronica)
374 785 435 847 per
452 765 716 831 confertissimam
734 765 842 845 populi
859 766 996 844 turbam,
1021 766 1114 829 reiut.
1127 765 1207 847 ipsc.
1234 767 1383 831 Venienti

189 851 232 917 illi
250 858 425 934 assurgunt
440 855 583 919 universi
600 870 669 918 cum
687 853 915 920 demississime
931 855 1148 919 veneratione.
1172 855 1234 933 Qui
1257 859 1383 935 postea-

190 959 285 1020 quam
319 943 352 1007 in
388 941 572 1008 sublimiore
608 942 890 1023 splendidioreque
922 942 1060 1006 cacterIs
1095 942 1172 1007 solio
1206 942 1295 1023 regio
1324 943 1383 1007 sub

189 1029 337 1094 uranisco
355 1030 507 1109 consedit,
532 1030 600 1110 agit
623 1047 683 1111 per
699 1031 911 1110 interpretem
928 1030 1259 1096 archi-cancellarium
1277 1031 1385 1108 lingua

189 1116 350 1196 Bojemica
381 1118 421 1182 de
451 1118 608 1198 proestIto
642 1118 802 1182 mandatis
831 1119 896 1184 suis
927 1118 1089 1197 obsequio,
1125 1118 1268 1183 concioni
1301 1120 1385 1182 omni

191 1205 321 1285 gratias,
347 1211 380 1270 et
401 1224 475 1271 mox
497 1223 578 1285 rem,
601 1206 633 1270 in
658 1224 721 1284 qua
743 1225 804 1286 ope
834 1206 943 1287 populi
965 1205 1014 1271 sui
1036 1206 1230 1285 consilioque
1261 1207 1320 1272 sibi
1344 1207 1386 1272 sit

190 1309 279 1374 apua,
305 1294 440 1374 proponi
460 1294 562 1374 jubet.
589 1295 682 1374 Legit
697 1294 737 1357 de
762 1300 915 1375 suggestu
929 1294 1180 1375 propositionem
1204 1294 1386 1375 exscripto

189 1381 279 1461 regni
316 1381 550 1448 vice-notarius
583 1383 635 1448 vel
669 1382 875 1447 declamator.
911 1382 982 1460 Qua
1013 1381 1159 1448 absoluta
1190 1400 1385 1464 consurgens

189 1468 404 1550 burggravius
427 1488 607 1551 supremus
638 1469 747 1550 populi
776 1472 877 1536 omnis
907 1471 1043 1547 nominc,
1076 1470 1174 1535 rerba
1200 1471 1239 1536 ad
1264 1471 1385 1549 Regem

189 1564 381 1624 reverenter
413 1557 501 1638 facit,
531 1562 565 1622 et
586 1563 736 1639 precatus
766 1559 813 1622 illi
835 1557 1020 1623 felicissima
1052 1576 1208 1639 quaeque,
1239 1559 1385 1640 quoniam

190 1644 331 1710 Ordines
345 1665 385 1712 ex
395 1645 643 1712 clementissima
652 1644 718 1726 jam
728 1646 1022 1726 publicataRegiae
1032 1645 1214 1725 Majestatis
1226 1665 1303 1712 suae
1312 1665 1385 1728 pro-

169 1795 171 1800 .
189 1733 359 1815 positione,
380 1751 462 1814 qnae
475 1734 558 1814 Regi
571 1752 610 1799 ac
620 1734 819 1813 reipublicae
833 1735 898 1799 sint
911 1753 1000 1815 opus,
1024 1735 1146 1815 prolirre
1159 1745 1385 1816 cognoverunt,

188 1823 229 1886 de
251 1821 290 1887 iis
313 1842 349 1890 se
373 1823 607 1903 quamprimum
631 1822 808 1900 diligenter
832 1822 1026 1902 deliberare,
1052 1842 1089 1887 ac
1111 1830 1248 1903 gratum,
1282 1825 1386 1903 quoad

188 1909 327 1976 maxime
350 1909 424 1976 fieri
439 1911 569 1992 poterit,
593 1910 677 1990 Regi
693 1910 881 1990 obsequium
898 1915 1066 1991 praestare
1084 1911 1176 1992 velle,
1201 1911 1385 1993 respondet.

189 1997 250 2062 His
284 1998 401 2066 auditis
434 1999 597 2079 consurgit
624 1999 702 2078 Rex,
735 2002 769 2063 et
799 2000 969 2064 comitatus
996 2004 1034 2063 ut
1062 2000 1162 2080 prius
1195 2017 1264 2064 cum
1296 1999 1387 2080 regni

187 2087 403 2166 senatoribus,
429 2093 496 2153 tum
520 2087 614 2152 sidae
638 2104 717 2152 suae
740 2085 962 2169 familiaribus
987 2087 1019 2150 in
1044 2087 1166 2168 regiam
1191 2087 1286 2153 redit.
1313 2108 1316 2114 ’

287 2174 346 2240 ΙΙΙ.
381 2176 528 2241 Deducto
563 2175 596 2238 in
632 2174 752 2254 regiam
782 2176 884 2253 Rege,
918 2180 1127 2240 revertuntur
1161 2175 1194 2239 in
1224 2176 1384 2241 comItium

187 2263 281 2342 regni
305 2270 482 2342 senatores,
520 2269 554 2328 et
587 2263 801 2342 burggravius
835 2281 1004 2343 supremus
1037 2256 1087 2334 (nt
1124 2263 1176 2342 qui
1211 2265 1385 2345 praecipue

188 2351 326 2416 comitiis
350 2353 433 2418 solet
449 2343 636 2430 moderari),
663 2351 800 2416 exclusis
823 2351 912 2431 prbis
927 2351 1082 2430 omnibus,
1107 2351 1161 2431 qui
1173 2370 1262 2417 ruore
1279 2352 1384 2433 patrio

189 2439 402 2505 comItialibus
437 2439 724 2505 deliberationibus
756 2439 915 2504 interesse
950 2445 1115 2519 vetantur,
1152 2442 1310 2505 convertit
1344 2441 1383 2502 ad

187 2526 326 2593 Ordines
343 2533 535 2618 sermonem,
552 2533 586 2593 et
600 2527 660 2606 vel,
678 2527 705 2593 si
717 2527 801 2591 diem
819 2527 942 2606 longius
954 2527 1151 2607 processisse
1168 2547 1204 2592 ac
1217 2528 1384 2594 Inclinasso

186 2615 283 2693 videt,
308 2616 566 2680 commonefactis
593 2620 630 2680 ut
652 2614 810 2697 postridie
840 2615 977 2679 redeant
1010 2614 1052 2678 ad
1075 2615 1185 2680 boram
1217 2615 1383 2694 universis

186 2703 367 2768 concionem
392 2703 544 2781 dimittit3
568 2704 630 2782 vel,
655 2704 680 2768 si
700 2721 759 2784 per
783 2709 909 2784 tempus
926 2704 990 2768 diei
1015 2702 1179 2767 rornmode
1203 2702 1274 2769 lieri
1292 2723 1384 2784 posse

185 2791 298 2869 cernit,
321 2793 480 2856 actionem
493 2790 631 2856 inchoat.
656 2792 761 2872 Rogat
773 2797 881 2856 autem
893 2791 1054 2871 principi0
1067 2792 1259 2857 sententiam
1274 2811 1383 2857 omnes

184 2879 401 2958 etcognoscit,
427 2879 567 2944 velintne
584 2879 804 2960 expendeudIs
821 2881 992 2960 postulatis
1009 2880 1107 2960 regiis
1124 2880 1231 2946 facere
1248 2879 1383 2958 initium,

184 2971 241 3030 ant
269 2967 410 3032 habeant
440 2986 500 3032 nec
529 2985 569 3032 ne
602 2967 734 3048 aliquid,
768 2967 853 3047 quod
885 2967 1150 3033 deliberationem
1182 2967 1222 3032 de
1253 2967 1292 3032 iis
1321 2987 1383 3032 non

183 3057 305 3119 temere
329 3074 387 3121 nec
413 3056 574 3121 immerito
598 3056 700 3137 possit
722 3055 907 3120 remorari?
931 3057 1051 3120 Dicunt
1065 3058 1257 3121 sententiam
1278 3057 1383 3137 rogati

183 3140 305 3221 ordine,
331 3145 475 3210 Barones
500 3142 629 3224 quidem
652 3149 686 3208 et
709 3144 844 3223 Equites
870 3143 997 3220 viritmr,
1022 3144 1177 3210 tivitates
1201 3162 1276 3209 vero
1307 3137 1382 3220 (nisi

183 3230 260 3308 quid
292 3230 415 3296 incidat
448 3249 544 3311 quam
574 3231 614 3297 ob
640 3250 710 3297 rem
735 3250 754 3295 a
777 3233 936 3295 Beronum
961 3231 1012 3295 vel
1035 3232 1189 3310 Equitum
1213 3232 1382 3298 sententiis

186 3317 361 3384 dissentire
384 3312 548 3401 oporteat)
579 3325 652 3400 post
682 3318 798 3383 collata
828 3319 914 3384 inter
937 3338 971 3384 se
996 3319 1111 3399 capita,
1145 3318 1298 3386 collectim
1324 3339 1382 3400 per

186 3405 317 3471 Veteris
327 3407 455 3488 Pragac
469 3408 703 3472 cancellarium.
718 3407 761 3470 Et
775 3424 955 3485 quanquam
969 3407 1097 3485 negotia
1109 3407 1307 3487 reipublicae
1319 3425 1382 3470 non

184 3493 247 3557 nisi
267 3500 341 3575 post
355 3496 540 3576 expedItam
566 3496 605 3559 de
628 3494 797 3576 postulatis
820 3494 920 3572 regiis
945 3493 1213 3560 deliberationem
1238 3497 1381 3575 tractari,

184 3580 236 3646 lex
268 3600 349 3646 nova
376 3583 469 3663 jubet
495 3578 529 3662 ¹),
563 3602 638 3648 usus
670 3589 775 3647 tamen
808 3588 841 3646 et
872 3586 946 3645 ante
978 3585 1011 3646 et
1040 3591 1112 3662 post
1142 3589 1249 3646 natam
1280 3582 1385 3662 legem

182 3668 425 3752 bancothnuit,
451 3678 485 3736 nt
508 3673 534 3735 si
558 3671 634 3751 quid
659 3675 819 3748 occurrat,
844 3668 929 3750 quod
953 3669 1003 3734 vel
1028 3670 1257 3751 rempublicam
1274 3671 1382 3751 populi

183 3759 369 3824 universam
403 3760 452 3824 vel
485 3759 640 3824 Ordinem
677 3759 816 3838 aliquem
851 3757 983 3822 seorsim
1019 3759 1194 3838 contingat,
1231 3757 1382 3838 cujusque

129 3869 132 3875 ·
182 3862 242 3910 uec
272 3842 443 3914 difficultas
474 3846 569 3912 facile
594 3847 749 3928 expediri,
773 3863 833 3910 nee
856 3845 1007 3924 iniquItas
1031 3845 1149 3913 diutius
1171 3845 1251 3911 ferri
1275 3853 1382 3925 queat,

182 3938 398 4015 anteponatur
432 3935 500 4016 ejus
535 3935 706 4016 explicatio
742 3936 979 4015 propositorum
1011 3952 1030 3997 a
1059 3934 1148 4014 Rege
1180 3934 1381 4014 negotiorum

179 4023 380 4101 tractationi,
417 4024 564 4104 Regique
600 4022 816 4104 supplicetur,
852 4027 887 4086 ut
922 4029 995 4086 ante
1030 4023 1136 4086 omma
1171 4022 1292 4101 morbo,
1328 4025 1380 4102 qui

180 4111 290 4194 populi
314 4112 416 4177 omnis
436 4111 556 4190 judicio
582 4112 633 4176 vel
657 4110 855 4192 reipublicae
880 4110 939 4175 toti
961 4109 1012 4173 vel
1030 4111 1144 4174 Ordini
1169 4110 1241 4174 huic
1262 4115 1317 4174 aut
1333 4111 1379 4174 illi

178 4199 379 4278 perniciosus
414 4206 464 4264 est
493 4217 531 4264 ac
560 4200 678 4280 gravis,
715 4198 836 4264 mederi
867 4217 928 4263 non
958 4197 1166 4278 dedignetur,
1201 4199 1249 4262 ita
1278 4205 1314 4262 ut
1343 4217 1379 4263 eo
1440 4253 1448 4269 .

176 4291 319 4368 remoto,
354 4292 445 4354 tanto
475 4288 609 4369 posthac
641 4287 779 4353 alacrius
812 4287 1021 4364 securiusque
1054 4287 1222 4368 proposita
1252 4287 1381 4368 negotia

273 4479 296 4544 ¹)
316 4477 410 4532 Gemit.
430 4493 492 4533 ann.
520 4482 600 4536 leto.
