3188 5008
1339 449 1368 516 V

181 609 416 674 Litomericeno
432 607 635 674 scabinorum
651 608 794 688 collegio,
819 593 961 674 codicem
981 591 1204 672 Koldinianum
1222 608 1368 688 recipere

184 709 388 800 recusabant,
412 721 496 800 quod
517 719 569 799 jus
593 719 871 799 Magdeburgcnse
902 725 936 784 51
965 707 1017 798 jus
1040 719 1263 785 Koldinianum
1285 720 1369 784 inter

183 848 219 896 se
250 829 419 895 differrent
444 830 553 895 multis
580 829 768 909 magnisque
806 829 912 894 rebus
934 829 1031 907 ΙΙ(1555
1064 829 1259 895 differentias
1296 849 1370 910 per-

183 941 322 1022 scriptas
338 942 424 1006 cives
440 939 709 1005 Litomericenses
725 938 942 1005 Maximiliauo
959 942 983 1004 1.
1000 942 1074 1022 imp.
1092 941 1296 1007 tradiderunt
1310 941 1371 1005 hac

181 1051 410 1132 inscriptione:
449 1052 608 1130 „Extrokt
642 1045 841 1130 hlavnejsich
877 1045 1123 1132 aplednejsicb
1157 1053 1370 1117 artikulbva

184 1159 267 1228 Prav
284 1157 428 1245 Sasky'olr
444 1163 546 1227 anebo
563 1151 873 1243 Magdebursky'oh“.
889 1163 931 1226 At
946 1162 1126 1242 Pragenses
1143 1183 1237 1242 quum
1253 1169 1371 1228 statum

187 1273 383 1354 quaestionis
398 1273 512 1338 libello
526 1265 702 1353 ,Srovnaiui
722 1266 803 1336 l‘raiv
818 1267 1001 1356 Praisky'ch
1017 1293 1032 1337 s
1055 1268 1155 1355 prat-y
1178 1273 1373 1354 Magdebur-

186 1372 307 1464 sky'mi“
332 1382 513 1447 luculenter
536 1382 768 1462 explanassent,
797 1399 925 1446 causam
945 1382 1159 1461 obtinuerunt,
1183 1382 1373 1463 Koldinique

190 1493 267 1575 ,Jus
290 1484 500 1574 Municipele“
528 1493 569 1556 ab
604 1491 780 1558 Ordinibus
815 1491 905 1572 regni
940 1509 968 1554 a.
995 1487 1080 1554 1519
1104 1490 1231 1571 publice
1255 1508 1373 1571 appro-

186 1604 297 1668 batum
320 1608 378 1668 est.

185 1782 320 1851 ‚lakuba
348 1770 495 1852 Mendika
525 1749 551 1851 5Ι
572 1783 754 1852 1155115155
785 1783 977 1868 61155551,
1001 1784 1193 1863 branicecb,
1225 1784 1373 1854 sandaa

189 1893 320 1981 rorepil
343 1893 449 1961 menni
474 1894 485 1960 i
512 1893 743 1981 pilsluienstvl
762 1894 833 1982 jiob
856 1913 876 1960 v
902 1893 1086 1960 krdlovstvi
1109 1893 1238 1961 5551515
1263 1890 1374 1976 (loll)

633 2001 722 2094 (pag.
748 2002 938 2088 lde—218).

284 2148 425 2213 lacobus
448 2141 584 2227 Meusik,
608 2146 641 2212 in
664 2149 745 2213 urbe
769 2146 970 2212 Prachaticio
993 2151 1097 2227 natue,
1122 2167 1221 2213 annos
1238 2149 1374 2216 ineuntis

188 2258 424 2324 adolescentiae
448 2258 532 2337 apud
549 2256 709 2321 dominum
726 2256 929 2322 Guilielmurn
946 2257 985 2321 de
1002 2257 1190 2338 Rosenberg
1206 2262 1373 2342 transegit.

188 2372 224 2434 d.
255 2368 332 2435 1571
369 2369 401 2434 15
435 2371 579 2434 ordinem
614 2375 798 2450 equestrem
833 2373 1000 2448 receptus,
1035 2387 1064 2434 a.
1093 2367 1376 2437 1584155155-551

190 2479 463 2560 551555555ἀί5ἰί
486 2479 712 2559 burgraviatus
735 2477 925 2560 Pragensis3
958 2496 989 2543 5.
1016 2474 1098 2545 1586
1124 2480 1304 2546 nominatus
1327 2484 1377 2545 est

190 2590 373 2672 praelectus
397 2590 532 2655 Minoris
554 2588 654 2656 Urbis
678 2589 868 2671 pragensis,
903 2607 964 2670 quo
1000 2595 1146 2672 ternpore
1181 2595 1294 2656 nactus
1325 2595 1378 2655 est

193 2702 424 2782 possessionem
460 2700 608 2766 vicorum
631 2699 804 2782 Mokropsy
839 2707 872 2764 et
895 2700 1074 2781 Vonoldasy
1109 2717 1209 2782 prope
1241 2701 1378 2781 l'ragam

192 2812 335 2876 sitorum.
359 2811 396 2874 Α.
421 2805 503 2874 1593
526 2809 559 2874 in
581 2809 785 2891 praefectura
800 2810 885 2874 arcis
901 2808 1201 2890 Progensismunus
1220 2809 1379 2890 quoddam

192 2921 337 3002 gerebat.
373 2922 410 2986 Α.
439 2915 521 2986 1593
555 2919 659 2984 fectus
695 2923 745 2985 551
769 2918 934 3000 vicejodex
956 2919 1048 3002 regni
1071 2918 1258 2998 Bohemiae,
1284 2936 1379 2998 quam

193 3033 382 3113 dignitatern
404 3051 506 3113 usque
531 3033 572 3097 ad
596 3052 624 3098 a.
652 3027 732 3096 1661
759 3031 871 3097 155511.
1335 3035 1337 3042 ‘

290 3143 348 3208 Illo
371 3148 517 3223 ternpore
540 3143 668 3224 scripsit
689 3143 832 3208 libellum
859 3143 918 3223 ,de
934 3142 1087 3208 limitibus
1110 3146 1143 3206 et
1158 3140 1304 3206 terminis
1320 3156 1379 3203 neo

193 3271 255 3317 555
279 3253 318 3318 55
338 3251 458 3331 judicio
485 3243 617 3316 limitari
639 3252 672 3317 in
687 3240 870 3331 Bohemia“,
897 3249 985 3332 cujus
1015 3256 1182 3317 contentus
1205 3248 1380 3314 acomitiis

193 3380 222 3425 a.
249 3357 333 3426 1696
357 3364 407 3424 551
431 3361 654 3441 comprobatus
679 3366 712 3425 et
735 3379 793 3441 pro
813 3360 896 3440 juris
919 3379 1031 3426 norma
1054 3360 1250 3442 designatus.

294 3455 328 3534 d.
354 3465 437 3536 1661
470 3471 518 3535 ad
551 3489 664 3535 munus
699 3470 871 3535 consiliarii
906 3476 940 3536 et
974 3471 1193 3553 procuratoris
1213 3470 1303 3550 regii
1332 3474 1383 3535 est

194 3584 370 3661 promotus,
384 3581 477 3645 simul
495 3581 570 3646 inde
588 3581 628 3646 ab
649 3599 678 3644 a.
693 3576 777 3643 1693
790 3598 922 3646 munere
935 3580 1096 3662 burgravii
1106 3581 1199 3646 ¹arcis
1210 3579 1384 3661 Pragensis

193 3689 396 3773 fungebatur.
420 3691 458 3759 Α.
478 3687 561 3757 1613
578 3710 598 3756 5
613 3691 748 3773 publicis
763 3691 902 3772 negotiis
922 3693 1120 3757 se-removit.
1146 3692 1236 3757 Obiit
1250 3711 1279 3756 a.
1297 3685 1384 3753 1636

194 3804 281 3868 55115
304 3805 478 3870 liberorum
494 3803 594 3886 stirpe
613 3803 739 3869 relicta.
762 3804 853 3867 Bona
869 3820 927 3866 sua
942 3801 1061 3882 legavit
1077 3800 1230 3880 ecclesiis,
1254 3799 1381 3879 scholis,

194 3914 326 3995 aliisque
349 3913 503 3980 institutis
525 3912 620 3979 saluti
646 3912 794 3994 publicae
818 3911 1067 3993 providentibus.

294 4025 412 4091 ludicii
447 4025 592 4090 limitaris
628 4023 872 4090 consuetudines
906 4018 1033 4089 Mendik
1074 4023 1141 4105 jam
1184 4024 1251 4089 tum
1288 4043 1384 4104 quum

189 4135 341 4218 notarius
362 4134 480 4215 judicio
509 4134 734 4216 burgravietus
766 4133 894 4198 additus
922 4139 1028 4215 esset,
1060 4135 1209 4200 didicisse
1236 4135 1385 4216 videtum

195 4264 269 4312 nam
290 4245 444 4327 judicium
467 4245 527 4310 hoc
550 4245 591 4310 ad
615 4263 799 4325 supremum
824 4243 1064 4325 burgraviatum
1089 4247 1266 4329 spectabat.
1305 4247 1385 4312 Tum

197 4373 321 4435 quoque
349 4356 487 4436 regestis
513 4353 626 4435 judicii
649 4353 796 4419 limitetis
823 4356 980 4420 continua·
996 4357 1134 4423 lectione
1158 4357 1388 4438 pemoscendis

195 4482 328 4548 operam
353 4465 450 4548 dedit,
474 4484 611 4547 quorum
636 4465 731 4530 etiarn
756 4465 939 4533 testimonio
963 4467 1150 4550 frequenter
1177 4469 1297 4534 utitur:
1349 4477 1377 4510 ·..
