<?xml version="1.0" encoding="UTF-8"?>
<!DOCTYPE html PUBLIC "-//W3C//DTD XHTML 1.0 Transitional//EN"
    "http://www.w3.org/TR/xhtml1/DTD/xhtml1-transitional.dtd">
<html xmlns="http://www.w3.org/1999/xhtml" xml:lang="en" lang="en">
 <head>
  <title>
</title>
<meta http-equiv="Content-Type" content="text/html;charset=utf-8" />
  <meta name='ocr-system' content='tesseract 3.04.00' />
  <meta name='ocr-capabilities' content='ocr_page ocr_carea ocr_par ocr_line ocrx_word'/>
</head>
<body>
  <div class='ocr_page' id='page_1' title='image "./codexjurisbohem01kingoog_0138.png"; bbox 0 0 3234 5010; ppageno 0'>
   <div class='ocr_carea' id='block_1_1' title="bbox 280 437 1031 530">
    <p class='ocr_par' dir='ltr' id='par_1_1' title="bbox 280 437 1031 530">
     <span class='ocr_line' id='line_1_1' title="bbox 280 437 1031 530; baseline -0.013 -2"><span class='ocrx_word' id='word_1_1' title='bbox 280 461 341 530; x_wconf 69' lang='lat'>122</span> <span class='ocrx_word' id='word_1_2' title='bbox 719 457 872 513; x_wconf 72' lang='lat' dir='ltr'>Exll&#39;akta</span> <span class='ocrx_word' id='word_1_3' title='bbox 894 437 1031 518; x_wconf 78' lang='lat' dir='ltr'>Srovndui.</span> 
     </span>
    </p>
   </div>
   <div class='ocr_carea' id='block_1_2' title="bbox 342 686 1404 791">
    <p class='ocr_par' dir='ltr' id='par_1_2' title="bbox 342 686 1404 791">
     <span class='ocr_line' id='line_1_2' title="bbox 342 686 1404 791; baseline -0.001 -16"><span class='ocrx_word' id='word_1_4' title='bbox 342 709 401 776; x_wconf 84' lang='grc'>36.</span> <span class='ocrx_word' id='word_1_5' title='bbox 429 711 456 778; x_wconf 89' lang='lat'>0</span> <span class='ocrx_word' id='word_1_6' title='bbox 482 702 648 777; x_wconf 73' lang='lat' dir='ltr'>hiaftcch</span> <span class='ocrx_word' id='word_1_7' title='bbox 674 709 910 791; x_wconf 83' lang='lat' dir='ltr'>privilegium</span> <span class='ocrx_word' id='word_1_8' title='bbox 938 702 1054 775; x_wconf 82' lang='lat' dir='ltr'>eisaie</span> <span class='ocrx_word' id='word_1_9' title='bbox 1079 709 1193 776; x_wconf 85' lang='lat' dir='ltr'>llarla</span> <span class='ocrx_word' id='word_1_10' title='bbox 1218 686 1404 776; x_wconf 69' lang='lat' dir='ltr'>turitano.</span> 
     </span>
    </p>
   </div>
   <div class='ocr_carea' id='block_1_3' title="bbox 255 869 1489 4548">
    <p class='ocr_par' dir='ltr' id='par_1_3' title="bbox 255 869 1489 4548">
     <span class='ocr_line' id='line_1_3' title="bbox 375 869 1469 950; baseline -0.001 -16"><span class='ocrx_word' id='word_1_11' title='bbox 375 870 510 935; x_wconf 81' lang='lat' dir='ltr'>Carolus</span> <span class='ocrx_word' id='word_1_12' title='bbox 547 877 690 950; x_wconf 89' lang='lat' dir='ltr'>quartus,</span> <span class='ocrx_word' id='word_1_13' title='bbox 734 870 840 933; x_wconf 88' lang='lat' dir='ltr'>divina</span> <span class='ocrx_word' id='word_1_14' title='bbox 877 869 1005 934; x_wconf 86' lang='lat' dir='ltr'>favente</span> <span class='ocrx_word' id='word_1_15' title='bbox 1043 870 1212 934; x_wconf 88' lang='lat' dir='ltr'>clementia</span> <span class='ocrx_word' id='word_1_16' title='bbox 1248 871 1469 935; x_wconf 89' lang='lat' dir='ltr'>Romanorum</span> 
     </span>
     <span class='ocr_line' id='line_1_4' title="bbox 280 957 1472 1039; baseline 0.001 -18"><span class='ocrx_word' id='word_1_17' title='bbox 280 958 463 1039; x_wconf 81' lang='lat' dir='ltr'>Imperator</span> <span class='ocrx_word' id='word_1_18' title='bbox 491 977 620 1038; x_wconf 82' lang='lat' dir='ltr'>semper</span> <span class='ocrx_word' id='word_1_19' title='bbox 650 963 805 1038; x_wconf 90' lang='lat' dir='ltr'>augustus</span> <span class='ocrx_word' id='word_1_20' title='bbox 835 963 868 1022; x_wconf 90' lang='lat' dir='ltr'>et</span> <span class='ocrx_word' id='word_1_21' title='bbox 897 959 1047 1023; x_wconf 76' lang='lat' dir='ltr'>Boemiae</span> <span class='ocrx_word' id='word_1_22' title='bbox 1075 959 1153 1024; x_wconf 88' lang='lat' dir='ltr'>Rex.</span> <span class='ocrx_word' id='word_1_23' title='bbox 1186 957 1303 1022; x_wconf 89' lang='lat' dir='ltr'>Notum</span> <span class='ocrx_word' id='word_1_24' title='bbox 1333 957 1472 1023; x_wconf 85' lang='lat' dir='ltr'>facimus</span> 
     </span>
     <span class='ocr_line' id='line_1_5' title="bbox 279 1046 1471 1128; baseline 0.001 -19"><span class='ocrx_word' id='word_1_25' title='bbox 279 1051 392 1112; x_wconf 89' lang='lat' dir='ltr'>tenore</span> <span class='ocrx_word' id='word_1_26' title='bbox 406 1048 623 1126; x_wconf 89' lang='lat' dir='ltr'>praesentium</span> <span class='ocrx_word' id='word_1_27' title='bbox 639 1046 807 1123; x_wconf 80' lang='lat' dir='ltr'>uniuersis,</span> <span class='ocrx_word' id='word_1_28' title='bbox 824 1047 909 1125; x_wconf 89' lang='lat' dir='ltr'>quod</span> <span class='ocrx_word' id='word_1_29' title='bbox 923 1046 1145 1110; x_wconf 76' lang='lat' dir='ltr'>desiderantes</span> <span class='ocrx_word' id='word_1_30' title='bbox 1160 1046 1315 1128; x_wconf 87' lang='lat' dir='ltr'>profectui</span> <span class='ocrx_word' id='word_1_31' title='bbox 1329 1047 1471 1110; x_wconf 90' lang='lat' dir='ltr'>civitatis</span> 
     </span>
     <span class='ocr_line' id='line_1_6' title="bbox 276 1133 1471 1214; baseline 0.001 -17"><span class='ocrx_word' id='word_1_32' title='bbox 276 1139 406 1200; x_wconf 91' lang='lat' dir='ltr'>nostrae</span> <span class='ocrx_word' id='word_1_33' title='bbox 422 1133 666 1200; x_wconf 83' lang='lat' dir='ltr'>Lithomierzicz</span> <span class='ocrx_word' id='word_1_34' title='bbox 691 1155 768 1200; x_wconf 91' lang='lat' dir='ltr'>cura</span> <span class='ocrx_word' id='word_1_35' title='bbox 782 1134 911 1214; x_wconf 84' lang='lat' dir='ltr'>benigni</span> <span class='ocrx_word' id='word_1_36' title='bbox 934 1133 1053 1198; x_wconf 89' lang='lat' dir='ltr'>favoris</span> <span class='ocrx_word' id='word_1_37' title='bbox 1076 1135 1254 1213; x_wconf 81' lang='lat' dir='ltr'>intendere,</span> <span class='ocrx_word' id='word_1_38' title='bbox 1277 1135 1326 1198; x_wconf 90' lang='lat' dir='ltr'>ita</span> <span class='ocrx_word' id='word_1_39' title='bbox 1342 1139 1377 1198; x_wconf 91' lang='lat' dir='ltr'>nt</span> <span class='ocrx_word' id='word_1_40' title='bbox 1397 1135 1471 1200; x_wconf 88' lang='lat' dir='ltr'>eius</span> 
     </span>
     <span class='ocr_line' id='line_1_7' title="bbox 277 1221 1470 1304; baseline 0.001 -19"><span class='ocrx_word' id='word_1_41' title='bbox 277 1223 426 1290; x_wconf 87' lang='lat' dir='ltr'>civeset</span> <span class='ocrx_word' id='word_1_42' title='bbox 456 1223 589 1297; x_wconf 80' lang='lat' dir='ltr'>incolae,</span> <span class='ocrx_word' id='word_1_43' title='bbox 619 1221 730 1288; x_wconf 87' lang='lat' dir='ltr'>fideles</span> <span class='ocrx_word' id='word_1_44' title='bbox 758 1223 869 1301; x_wconf 91' lang='lat' dir='ltr'>nostri,</span> <span class='ocrx_word' id='word_1_45' title='bbox 901 1223 1088 1287; x_wconf 78' lang='lat' dir='ltr'>celsitudini</span> <span class='ocrx_word' id='word_1_46' title='bbox 1111 1223 1225 1304; x_wconf 84' lang='lat' dir='ltr'>Regali</span> <span class='ocrx_word' id='word_1_47' title='bbox 1247 1223 1398 1287; x_wconf 91' lang='lat' dir='ltr'>Boemiae</span> <span class='ocrx_word' id='word_1_48' title='bbox 1426 1240 1470 1286; x_wconf 92' lang='lat' dir='ltr'>eo</span> 
     </span>
     <span class='ocr_line' id='line_1_8' title="bbox 277 1310 1470 1392; baseline 0.002 -20"><span class='ocrx_word' id='word_1_49' title='bbox 277 1311 407 1389; x_wconf 88' lang='lat' dir='ltr'>quidem</span> <span class='ocrx_word' id='word_1_50' title='bbox 436 1311 548 1375; x_wconf 92' lang='lat' dir='ltr'>melius</span> <span class='ocrx_word' id='word_1_51' title='bbox 577 1311 707 1376; x_wconf 89' lang='lat' dir='ltr'>valeant</span> <span class='ocrx_word' id='word_1_52' title='bbox 739 1311 870 1391; x_wconf 86' lang='lat' dir='ltr'>servire,</span> <span class='ocrx_word' id='word_1_53' title='bbox 907 1329 968 1390; x_wconf 93' lang='lat' dir='ltr'>quo</span> <span class='ocrx_word' id='word_1_54' title='bbox 997 1311 1167 1392; x_wconf 81' lang='lat' dir='ltr'>benignius</span> <span class='ocrx_word' id='word_1_55' title='bbox 1194 1311 1314 1375; x_wconf 85' lang='lat' dir='ltr'>firerint</span> <span class='ocrx_word' id='word_1_56' title='bbox 1341 1310 1470 1391; x_wconf 83' lang='lat' dir='ltr'>Regiae</span> 
     </span>
     <span class='ocr_line' id='line_1_9' title="bbox 275 1397 1468 1480; baseline 0 -19"><span class='ocrx_word' id='word_1_57' title='bbox 275 1399 477 1464; x_wconf 81' lang='lat' dir='ltr'>liberalitatis</span> <span class='ocrx_word' id='word_1_58' title='bbox 509 1399 680 1463; x_wconf 88' lang='lat' dir='ltr'>clementie</span> <span class='ocrx_word' id='word_1_59' title='bbox 708 1399 877 1465; x_wconf 90' lang='lat' dir='ltr'>consolati:</span> <span class='ocrx_word' id='word_1_60' title='bbox 910 1405 1109 1480; x_wconf 89' lang='lat' dir='ltr'>quapropter</span> <span class='ocrx_word' id='word_1_61' title='bbox 1139 1400 1243 1474; x_wconf 88' lang='lat' dir='ltr'>animo</span> <span class='ocrx_word' id='word_1_62' title='bbox 1275 1397 1468 1478; x_wconf 89' lang='lat' dir='ltr'>dehberato,</span> 
     </span>
     <span class='ocr_line' id='line_1_10' title="bbox 275 1487 1469 1569; baseline 0.002 -20"><span class='ocrx_word' id='word_1_63' title='bbox 275 1504 352 1550; x_wconf 87' lang='lat' dir='ltr'>sano</span> <span class='ocrx_word' id='word_1_64' title='bbox 376 1488 565 1569; x_wconf 91' lang='lat' dir='ltr'>principum,</span> <span class='ocrx_word' id='word_1_65' title='bbox 587 1488 742 1552; x_wconf 90' lang='lat' dir='ltr'>baronum</span> <span class='ocrx_word' id='word_1_66' title='bbox 763 1505 801 1551; x_wconf 91' lang='lat' dir='ltr'>ac</span> <span class='ocrx_word' id='word_1_67' title='bbox 822 1506 990 1568; x_wconf 91' lang='lat' dir='ltr'>procerum</span> <span class='ocrx_word' id='word_1_68' title='bbox 1009 1489 1101 1568; x_wconf 89' lang='lat' dir='ltr'>regni</span> <span class='ocrx_word' id='word_1_69' title='bbox 1117 1493 1150 1552; x_wconf 92' lang='lat' dir='ltr'>et</span> <span class='ocrx_word' id='word_1_70' title='bbox 1163 1506 1300 1552; x_wconf 80' lang='lat' dir='ltr'>coronae</span> <span class='ocrx_word' id='word_1_71' title='bbox 1313 1487 1469 1551; x_wconf 89' lang='lat' dir='ltr'>Boemiae</span> 
     </span>
     <span class='ocr_line' id='line_1_11' title="bbox 275 1575 1470 1655; baseline 0 -17"><span class='ocrx_word' id='word_1_72' title='bbox 275 1580 458 1640; x_wconf 92' lang='lat' dir='ltr'>nostrorum</span> <span class='ocrx_word' id='word_1_73' title='bbox 475 1575 649 1640; x_wconf 90' lang='lat' dir='ltr'>accedente</span> <span class='ocrx_word' id='word_1_74' title='bbox 666 1575 805 1654; x_wconf 79' lang='lat' dir='ltr'>consilio,</span> <span class='ocrx_word' id='word_1_75' title='bbox 822 1576 1013 1641; x_wconf 89' lang='lat' dir='ltr'>auctoritate</span> <span class='ocrx_word' id='word_1_76' title='bbox 1028 1575 1119 1655; x_wconf 90' lang='lat' dir='ltr'>regia</span> <span class='ocrx_word' id='word_1_77' title='bbox 1135 1576 1295 1654; x_wconf 90' lang='lat' dir='ltr'>Boemiae,</span> <span class='ocrx_word' id='word_1_78' title='bbox 1312 1575 1352 1639; x_wconf 90' lang='lat' dir='ltr'>de</span> <span class='ocrx_word' id='word_1_79' title='bbox 1375 1580 1470 1638; x_wconf 88' lang='lat' dir='ltr'>certa</span> 
     </span>
     <span class='ocr_line' id='line_1_12' title="bbox 275 1659 1467 1746; baseline -0.002 -18"><span class='ocrx_word' id='word_1_80' title='bbox 275 1663 410 1728; x_wconf 88' lang='lat' dir='ltr'>scientia</span> <span class='ocrx_word' id='word_1_81' title='bbox 425 1670 458 1729; x_wconf 91' lang='lat' dir='ltr'>et</span> <span class='ocrx_word' id='word_1_82' title='bbox 473 1664 596 1744; x_wconf 85' lang='lat' dir='ltr'>Regiae</span> <span class='ocrx_word' id='word_1_83' title='bbox 616 1663 821 1728; x_wconf 87' lang='lat' dir='ltr'>Celsitudinis</span> <span class='ocrx_word' id='word_1_84' title='bbox 837 1665 942 1746; x_wconf 87' lang='lat' dir='ltr'>gratia</span> <span class='ocrx_word' id='word_1_85' title='bbox 957 1659 1111 1744; x_wconf 85' lang='lat' dir='ltr'>singulari</span> <span class='ocrx_word' id='word_1_86' title='bbox 1126 1663 1319 1744; x_wconf 89' lang='lat' dir='ltr'>supradictis</span> <span class='ocrx_word' id='word_1_87' title='bbox 1331 1661 1467 1740; x_wconf 75' lang='lat' dir='ltr'>civihuS,</span> 
     </span>
     <span class='ocr_line' id='line_1_13' title="bbox 274 1750 1469 1832; baseline 0.001 -18"><span class='ocrx_word' id='word_1_88' title='bbox 274 1750 456 1830; x_wconf 90' lang='lat' dir='ltr'>heredibus,</span> <span class='ocrx_word' id='word_1_89' title='bbox 491 1752 739 1832; x_wconf 89' lang='lat' dir='ltr'>successoribus,</span> <span class='ocrx_word' id='word_1_90' title='bbox 762 1753 943 1831; x_wconf 85' lang='lat' dir='ltr'>posteritati</span> <span class='ocrx_word' id='word_1_91' title='bbox 978 1757 1011 1816; x_wconf 93' lang='lat' dir='ltr'>et</span> <span class='ocrx_word' id='word_1_92' title='bbox 1034 1752 1237 1816; x_wconf 87' lang='lat' dir='ltr'>universitati</span> <span class='ocrx_word' id='word_1_93' title='bbox 1259 1752 1401 1832; x_wconf 90' lang='lat' dir='ltr'>ipsorum</span> <span class='ocrx_word' id='word_1_94' title='bbox 1431 1757 1469 1815; x_wconf 89' lang='lat' dir='ltr'>et</span> 
     </span>
     <span class='ocr_line' id='line_1_14' title="bbox 274 1838 1468 1920; baseline 0 -18"><span class='ocrx_word' id='word_1_95' title='bbox 274 1838 379 1903; x_wconf 89' lang='lat' dir='ltr'>eidem</span> <span class='ocrx_word' id='word_1_96' title='bbox 414 1840 536 1904; x_wconf 91' lang='lat' dir='ltr'>civitati</span> <span class='ocrx_word' id='word_1_97' title='bbox 558 1840 812 1920; x_wconf 83' lang='lat' dir='ltr'>Lithomierzicz,</span> <span class='ocrx_word' id='word_1_98' title='bbox 847 1858 907 1904; x_wconf 89' lang='lat' dir='ltr'>nec</span> <span class='ocrx_word' id='word_1_99' title='bbox 928 1857 992 1905; x_wconf 91' lang='lat' dir='ltr'>non</span> <span class='ocrx_word' id='word_1_100' title='bbox 1014 1840 1285 1906; x_wconf 86' lang='lat' dir='ltr'>inhabitatoribus</span> <span class='ocrx_word' id='word_1_101' title='bbox 1307 1840 1468 1919; x_wconf 89' lang='lat' dir='ltr'>quisunt</span> 
     </span>
     <span class='ocr_line' id='line_1_15' title="bbox 275 1925 1466 2009; baseline 0 -19"><span class='ocrx_word' id='word_1_102' title='bbox 275 1933 308 1992; x_wconf 93' lang='lat' dir='ltr'>et</span> <span class='ocrx_word' id='word_1_103' title='bbox 348 1946 407 2008; x_wconf 88' lang='lat' dir='ltr'>pro</span> <span class='ocrx_word' id='word_1_104' title='bbox 451 1932 595 2008; x_wconf 91' lang='lat' dir='ltr'>tempore</span> <span class='ocrx_word' id='word_1_105' title='bbox 636 1928 776 2006; x_wconf 83' lang='lat' dir='ltr'>fuerint,</span> <span class='ocrx_word' id='word_1_106' title='bbox 814 1928 1054 2009; x_wconf 84' lang='lat' dir='ltr'>infrascriptam</span> <span class='ocrx_word' id='word_1_107' title='bbox 1091 1929 1228 2008; x_wconf 88' lang='lat' dir='ltr'>gratiam</span> <span class='ocrx_word' id='word_1_108' title='bbox 1263 1946 1322 2008; x_wconf 93' lang='lat' dir='ltr'>pro</span> <span class='ocrx_word' id='word_1_109' title='bbox 1360 1925 1466 2006; x_wconf 67' lang='lat' dir='ltr'>nobis</span> 
     </span>
     <span class='ocr_line' id='line_1_16' title="bbox 275 2014 1489 2100; baseline 0.001 -22"><span class='ocrx_word' id='word_1_110' title='bbox 275 2015 448 2080; x_wconf 91' lang='lat' dir='ltr'>heredibus</span> <span class='ocrx_word' id='word_1_111' title='bbox 478 2023 512 2080; x_wconf 89' lang='lat' dir='ltr'>et</span> <span class='ocrx_word' id='word_1_112' title='bbox 541 2017 779 2082; x_wconf 89' lang='lat' dir='ltr'>successorihus</span> <span class='ocrx_word' id='word_1_113' title='bbox 802 2018 930 2097; x_wconf 91' lang='lat' dir='ltr'>nostris,</span> <span class='ocrx_word' id='word_1_114' title='bbox 954 2014 1097 2097; x_wconf 87' lang='lat' dir='ltr'>Regibus</span> <span class='ocrx_word' id='word_1_115' title='bbox 1128 2017 1291 2094; x_wconf 90' lang='lat' dir='ltr'>Boemiae,</span> <span class='ocrx_word' id='word_1_116' title='bbox 1320 2015 1489 2100; x_wconf 20' lang='lat' dir='ltr'>lecimus·</span> 
     </span>
     <span class='ocr_line' id='line_1_17' title="bbox 276 2103 1467 2185; baseline 0 -19"><span class='ocrx_word' id='word_1_117' title='bbox 276 2103 422 2168; x_wconf 90' lang='lat' dir='ltr'>dedimus</span> <span class='ocrx_word' id='word_1_118' title='bbox 457 2111 490 2168; x_wconf 92' lang='lat' dir='ltr'>et</span> <span class='ocrx_word' id='word_1_119' title='bbox 524 2105 748 2181; x_wconf 89' lang='lat' dir='ltr'>concessimus,</span> <span class='ocrx_word' id='word_1_120' title='bbox 787 2105 930 2185; x_wconf 87' lang='lat' dir='ltr'>iacimus,</span> <span class='ocrx_word' id='word_1_121' title='bbox 971 2104 1083 2169; x_wconf 78' lang='lat' dir='ltr'>dathus</span> <span class='ocrx_word' id='word_1_122' title='bbox 1119 2111 1153 2170; x_wconf 90' lang='lat' dir='ltr'>et</span> <span class='ocrx_word' id='word_1_123' title='bbox 1191 2103 1393 2169; x_wconf 84' lang='lat' dir='ltr'>concedimus</span> <span class='ocrx_word' id='word_1_124' title='bbox 1430 2104 1467 2166; x_wconf 94' lang='lat' dir='ltr'>in</span> 
     </span>
     <span class='ocr_line' id='line_1_18' title="bbox 274 2191 1467 2274; baseline -0.002 -18"><span class='ocrx_word' id='word_1_125' title='bbox 274 2198 465 2272; x_wconf 90' lang='lat' dir='ltr'>perpetuum</span> <span class='ocrx_word' id='word_1_126' title='bbox 480 2193 600 2257; x_wconf 90' lang='lat' dir='ltr'>virtute</span> <span class='ocrx_word' id='word_1_127' title='bbox 618 2194 837 2274; x_wconf 89' lang='lat' dir='ltr'>praesentium</span> <span class='ocrx_word' id='word_1_128' title='bbox 854 2194 1004 2272; x_wconf 87' lang='lat' dir='ltr'>gratiose,</span> <span class='ocrx_word' id='word_1_129' title='bbox 1028 2193 1193 2258; x_wconf 83' lang='lat' dir='ltr'>uidelicet:</span> <span class='ocrx_word' id='word_1_130' title='bbox 1212 2191 1302 2270; x_wconf 85' lang='lat' dir='ltr'>Quod</span> <span class='ocrx_word' id='word_1_131' title='bbox 1324 2210 1467 2256; x_wconf 88' lang='lat' dir='ltr'>exnunc</span> 
     </span>
     <span class='ocr_line' id='line_1_19' title="bbox 273 2280 1465 2362; baseline 0 -20"><span class='ocrx_word' id='word_1_132' title='bbox 273 2281 303 2343; x_wconf 93' lang='lat' dir='ltr'>in</span> <span class='ocrx_word' id='word_1_133' title='bbox 329 2286 426 2357; x_wconf 91' lang='lat' dir='ltr'>antea</span> <span class='ocrx_word' id='word_1_134' title='bbox 441 2297 550 2346; x_wconf 92' lang='lat' dir='ltr'>onmes</span> <span class='ocrx_word' id='word_1_135' title='bbox 574 2285 607 2344; x_wconf 93' lang='lat' dir='ltr'>et</span> <span class='ocrx_word' id='word_1_136' title='bbox 630 2280 746 2361; x_wconf 85' lang='lat' dir='ltr'>singuli</span> <span class='ocrx_word' id='word_1_137' title='bbox 773 2283 858 2346; x_wconf 86' lang='lat' dir='ltr'>cives</span> <span class='ocrx_word' id='word_1_138' title='bbox 874 2298 931 2346; x_wconf 92' lang='lat' dir='ltr'>seu</span> <span class='ocrx_word' id='word_1_139' title='bbox 947 2280 1180 2346; x_wconf 87' lang='lat' dir='ltr'>inhabitatores</span> <span class='ocrx_word' id='word_1_140' title='bbox 1205 2281 1309 2362; x_wconf 84' lang='lat' dir='ltr'>dictae</span> <span class='ocrx_word' id='word_1_141' title='bbox 1327 2280 1465 2345; x_wconf 91' lang='lat' dir='ltr'>civitatis</span> 
     </span>
     <span class='ocr_line' id='line_1_20' title="bbox 272 2367 1466 2449; baseline -0.002 -18"><span class='ocrx_word' id='word_1_142' title='bbox 272 2369 303 2431; x_wconf 86' lang='lat' dir='ltr'>in</span> <span class='ocrx_word' id='word_1_143' title='bbox 330 2367 573 2434; x_wconf 84' lang='lat' dir='ltr'>Lithomierzicz</span> <span class='ocrx_word' id='word_1_144' title='bbox 597 2375 630 2432; x_wconf 90' lang='lat' dir='ltr'>et</span> <span class='ocrx_word' id='word_1_145' title='bbox 646 2369 780 2448; x_wconf 87' lang='lat' dir='ltr'>quilibet</span> <span class='ocrx_word' id='word_1_146' title='bbox 801 2370 942 2449; x_wconf 88' lang='lat' dir='ltr'>ipsorum</span> <span class='ocrx_word' id='word_1_147' title='bbox 972 2369 1108 2434; x_wconf 90' lang='lat' dir='ltr'>heredes</span> <span class='ocrx_word' id='word_1_148' title='bbox 1130 2375 1165 2433; x_wconf 90' lang='lat' dir='ltr'>et</span> <span class='ocrx_word' id='word_1_149' title='bbox 1187 2385 1387 2433; x_wconf 89' lang='lat' dir='ltr'>successores</span> <span class='ocrx_word' id='word_1_150' title='bbox 1414 2367 1466 2430; x_wconf 88' lang='lat' dir='ltr'>sui</span> 
     </span>
     <span class='ocr_line' id='line_1_21' title="bbox 273 2455 1464 2538; baseline 0.001 -20"><span class='ocrx_word' id='word_1_151' title='bbox 273 2456 304 2519; x_wconf 93' lang='lat' dir='ltr'>in</span> <span class='ocrx_word' id='word_1_152' title='bbox 334 2462 524 2537; x_wconf 90' lang='lat' dir='ltr'>perpetuum</span> <span class='ocrx_word' id='word_1_153' title='bbox 556 2458 656 2521; x_wconf 92' lang='lat' dir='ltr'>libere</span> <span class='ocrx_word' id='word_1_154' title='bbox 685 2459 809 2538; x_wconf 93' lang='lat' dir='ltr'>possint</span> <span class='ocrx_word' id='word_1_155' title='bbox 838 2464 871 2520; x_wconf 90' lang='lat' dir='ltr'>et</span> <span class='ocrx_word' id='word_1_156' title='bbox 902 2457 1030 2520; x_wconf 88' lang='lat' dir='ltr'>valeant</span> <span class='ocrx_word' id='word_1_157' title='bbox 1062 2459 1228 2521; x_wconf 86' lang='lat' dir='ltr'>universas</span> <span class='ocrx_word' id='word_1_158' title='bbox 1258 2461 1292 2520; x_wconf 90' lang='lat' dir='ltr'>et</span> <span class='ocrx_word' id='word_1_159' title='bbox 1320 2455 1464 2535; x_wconf 91' lang='lat' dir='ltr'>singulas</span> 
     </span>
     <span class='ocr_line' id='line_1_22' title="bbox 272 2544 1462 2626; baseline -0.001 -19"><span class='ocrx_word' id='word_1_160' title='bbox 272 2545 498 2624; x_wconf 90' lang='lat' dir='ltr'>possessiones,</span> <span class='ocrx_word' id='word_1_161' title='bbox 522 2544 739 2623; x_wconf 81' lang='lat' dir='ltr'>hereditates,</span> <span class='ocrx_word' id='word_1_162' title='bbox 769 2545 1004 2626; x_wconf 84' lang='lat' dir='ltr'>proprietates,</span> <span class='ocrx_word' id='word_1_163' title='bbox 1035 2545 1169 2625; x_wconf 90' lang='lat' dir='ltr'>allodia,</span> <span class='ocrx_word' id='word_1_164' title='bbox 1200 2561 1305 2624; x_wconf 90' lang='lat' dir='ltr'>agras,</span> <span class='ocrx_word' id='word_1_165' title='bbox 1337 2561 1462 2622; x_wconf 77' lang='lat' dir='ltr'>censue,</span> 
     </span>
     <span class='ocr_line' id='line_1_23' title="bbox 271 2631 1461 2711; baseline -0.002 -15"><span class='ocrx_word' id='word_1_166' title='bbox 271 2631 427 2711; x_wconf 83' lang='lat' dir='ltr'>redditus,</span> <span class='ocrx_word' id='word_1_167' title='bbox 437 2632 547 2696; x_wconf 92' lang='lat' dir='ltr'>domos</span> <span class='ocrx_word' id='word_1_168' title='bbox 560 2637 593 2696; x_wconf 90' lang='lat' dir='ltr'>et</span> <span class='ocrx_word' id='word_1_169' title='bbox 604 2635 689 2697; x_wconf 90' lang='lat' dir='ltr'>bona</span> <span class='ocrx_word' id='word_1_170' title='bbox 704 2651 762 2698; x_wconf 92' lang='lat' dir='ltr'>sua</span> <span class='ocrx_word' id='word_1_171' title='bbox 775 2633 903 2697; x_wconf 91' lang='lat' dir='ltr'>mobilia</span> <span class='ocrx_word' id='word_1_172' title='bbox 919 2640 952 2698; x_wconf 90' lang='lat' dir='ltr'>et</span> <span class='ocrx_word' id='word_1_173' title='bbox 963 2633 1147 2711; x_wconf 91' lang='lat' dir='ltr'>immobilia,</span> <span class='ocrx_word' id='word_1_174' title='bbox 1163 2634 1195 2696; x_wconf 95' lang='lat' dir='ltr'>in</span> <span class='ocrx_word' id='word_1_175' title='bbox 1209 2633 1461 2711; x_wconf 89' lang='lat' dir='ltr'>quibuscumque</span> 
     </span>
     <span class='ocr_line' id='line_1_24' title="bbox 271 2719 1461 2800; baseline -0.001 -17"><span class='ocrx_word' id='word_1_176' title='bbox 271 2721 369 2783; x_wconf 90' lang='lat' dir='ltr'>rebus</span> <span class='ocrx_word' id='word_1_177' title='bbox 387 2721 570 2800; x_wconf 87' lang='lat' dir='ltr'>consistant,</span> <span class='ocrx_word' id='word_1_178' title='bbox 586 2722 672 2784; x_wconf 88' lang='lat' dir='ltr'>intus</span> <span class='ocrx_word' id='word_1_179' title='bbox 696 2728 729 2786; x_wconf 93' lang='lat' dir='ltr'>et</span> <span class='ocrx_word' id='word_1_180' title='bbox 744 2729 837 2786; x_wconf 88' lang='lat' dir='ltr'>extra</span> <span class='ocrx_word' id='word_1_181' title='bbox 853 2722 972 2786; x_wconf 86' lang='lat' dir='ltr'>dictam</span> <span class='ocrx_word' id='word_1_182' title='bbox 992 2721 1151 2786; x_wconf 90' lang='lat' dir='ltr'>civitatem</span> <span class='ocrx_word' id='word_1_183' title='bbox 1168 2722 1200 2784; x_wconf 95' lang='lat' dir='ltr'>in</span> <span class='ocrx_word' id='word_1_184' title='bbox 1216 2719 1461 2783; x_wconf 89' lang='lat' dir='ltr'>Lithomierzicz</span> 
     </span>
     <span class='ocr_line' id='line_1_25' title="bbox 271 2807 1460 2889; baseline -0.003 -14"><span class='ocrx_word' id='word_1_185' title='bbox 271 2813 326 2875; x_wconf 86' lang='lat' dir='ltr'>aut</span> <span class='ocrx_word' id='word_1_186' title='bbox 357 2807 432 2871; x_wconf 89' lang='lat' dir='ltr'>uhbi</span> <span class='ocrx_word' id='word_1_187' title='bbox 463 2809 643 2889; x_wconf 89' lang='lat' dir='ltr'>ubicunque</span> <span class='ocrx_word' id='word_1_188' title='bbox 668 2809 747 2872; x_wconf 91' lang='lat' dir='ltr'>talia</span> <span class='ocrx_word' id='word_1_189' title='bbox 775 2810 838 2872; x_wconf 89' lang='lat' dir='ltr'>sita</span> <span class='ocrx_word' id='word_1_190' title='bbox 869 2814 1055 2889; x_wconf 90' lang='lat' dir='ltr'>noscuntur,</span> <span class='ocrx_word' id='word_1_191' title='bbox 1081 2809 1330 2889; x_wconf 67' lang='lat' dir='ltr'>,quibuscunque</span> <span class='ocrx_word' id='word_1_192' title='bbox 1361 2807 1460 2872; x_wconf 87' lang='lat' dir='ltr'>etiam</span> 
     </span>
     <span class='ocr_line' id='line_1_26' title="bbox 269 2894 1460 2976; baseline -0.002 -17"><span class='ocrx_word' id='word_1_193' title='bbox 269 2894 392 2974; x_wconf 85' lang='lat' dir='ltr'>possint</span> <span class='ocrx_word' id='word_1_194' title='bbox 412 2896 574 2960; x_wconf 92' lang='lat' dir='ltr'>vocabulis</span> <span class='ocrx_word' id='word_1_195' title='bbox 591 2897 762 2976; x_wconf 90' lang='lat' dir='ltr'>designari,</span> <span class='ocrx_word' id='word_1_196' title='bbox 780 2898 965 2976; x_wconf 91' lang='lat' dir='ltr'>cuicunque,</span> <span class='ocrx_word' id='word_1_197' title='bbox 990 2897 1148 2962; x_wconf 89' lang='lat' dir='ltr'>saeculari</span> <span class='ocrx_word' id='word_1_198' title='bbox 1171 2897 1327 2961; x_wconf 84' lang='lat' dir='ltr'>duntaxat</span> <span class='ocrx_word' id='word_1_199' title='bbox 1340 2894 1460 2958; x_wconf 92' lang='lat' dir='ltr'>homini</span> 
     </span>
     <span class='ocr_line' id='line_1_27' title="bbox 271 2983 1459 3066; baseline 0 -20"><span class='ocrx_word' id='word_1_200' title='bbox 271 3001 327 3047; x_wconf 91' lang='lat' dir='ltr'>seu</span> <span class='ocrx_word' id='word_1_201' title='bbox 350 3001 519 3063; x_wconf 89' lang='lat' dir='ltr'>personae,</span> <span class='ocrx_word' id='word_1_202' title='bbox 550 2985 703 3064; x_wconf 88' lang='lat' dir='ltr'>vendere,</span> <span class='ocrx_word' id='word_1_203' title='bbox 735 2985 857 3066; x_wconf 91' lang='lat' dir='ltr'>legare,</span> <span class='ocrx_word' id='word_1_204' title='bbox 893 2987 1023 3065; x_wconf 74' lang='lat' dir='ltr'>(tonare,</span> <span class='ocrx_word' id='word_1_205' title='bbox 1053 2985 1168 3050; x_wconf 92' lang='lat' dir='ltr'>testari</span> <span class='ocrx_word' id='word_1_206' title='bbox 1196 2988 1229 3050; x_wconf 90' lang='lat' dir='ltr'>et</span> <span class='ocrx_word' id='word_1_207' title='bbox 1258 2983 1349 3058; x_wconf 85' lang='lat' dir='ltr'>iuxta</span> <span class='ocrx_word' id='word_1_208' title='bbox 1381 3000 1459 3048; x_wconf 89' lang='lat' dir='ltr'>suae</span> 
     </span>
     <span class='ocr_line' id='line_1_28' title="bbox 271 3070 1459 3154; baseline 0.003 -23"><span class='ocrx_word' id='word_1_209' title='bbox 271 3070 443 3140; x_wconf 86' lang='lat' dir='ltr'>voluntatis</span> <span class='ocrx_word' id='word_1_210' title='bbox 474 3072 641 3138; x_wconf 92' lang='lat' dir='ltr'>arbitrium</span> <span class='ocrx_word' id='word_1_211' title='bbox 683 3073 843 3152; x_wconf 92' lang='lat' dir='ltr'>ordinare,</span> <span class='ocrx_word' id='word_1_212' title='bbox 878 3073 947 3138; x_wconf 91' lang='lat' dir='ltr'>iure</span> <span class='ocrx_word' id='word_1_213' title='bbox 989 3072 1186 3138; x_wconf 91' lang='lat' dir='ltr'>hereditario</span> <span class='ocrx_word' id='word_1_214' title='bbox 1221 3071 1459 3154; x_wconf 91' lang='lat' dir='ltr'>possidendum,</span> 
     </span>
     <span class='ocr_line' id='line_1_29' title="bbox 271 3159 1460 3242; baseline -0.001 -21"><span class='ocrx_word' id='word_1_215' title='bbox 271 3159 359 3222; x_wconf 85' lang='lat' dir='ltr'>iuxta</span> <span class='ocrx_word' id='word_1_216' title='bbox 372 3160 452 3240; x_wconf 87' lang='lat' dir='ltr'>iura,</span> <span class='ocrx_word' id='word_1_217' title='bbox 469 3179 574 3224; x_wconf 93' lang='lat' dir='ltr'>mores</span> <span class='ocrx_word' id='word_1_218' title='bbox 591 3170 623 3226; x_wconf 89' lang='lat' dir='ltr'>et</span> <span class='ocrx_word' id='word_1_219' title='bbox 635 3160 882 3227; x_wconf 90' lang='lat' dir='ltr'>consuetudines</span> <span class='ocrx_word' id='word_1_220' title='bbox 908 3162 1008 3242; x_wconf 86' lang='lat' dir='ltr'>ipsius</span> <span class='ocrx_word' id='word_1_221' title='bbox 1021 3161 1157 3228; x_wconf 88' lang='lat' dir='ltr'>civitatis</span> <span class='ocrx_word' id='word_1_222' title='bbox 1172 3162 1204 3224; x_wconf 90' lang='lat' dir='ltr'>in</span> <span class='ocrx_word' id='word_1_223' title='bbox 1217 3159 1460 3223; x_wconf 85' lang='lat' dir='ltr'>Lithomierzicz</span> 
     </span>
     <span class='ocr_line' id='line_1_30' title="bbox 270 3247 1487 3329; baseline -0.002 -19"><span class='ocrx_word' id='word_1_224' title='bbox 270 3247 424 3311; x_wconf 89' lang='lat' dir='ltr'>hactenus</span> <span class='ocrx_word' id='word_1_225' title='bbox 449 3248 489 3313; x_wconf 92' lang='lat' dir='ltr'>ab</span> <span class='ocrx_word' id='word_1_226' title='bbox 514 3250 644 3327; x_wconf 90' lang='lat' dir='ltr'>antiquo</span> <span class='ocrx_word' id='word_1_227' title='bbox 669 3254 813 3329; x_wconf 89' lang='lat' dir='ltr'>tempore</span> <span class='ocrx_word' id='word_1_228' title='bbox 838 3251 1034 3314; x_wconf 88' lang='lat' dir='ltr'>observatas.</span> <span class='ocrx_word' id='word_1_229' title='bbox 1060 3248 1093 3313; x_wconf 87' lang='lat' dir='ltr'>Si</span> <span class='ocrx_word' id='word_1_230' title='bbox 1116 3253 1224 3313; x_wconf 88' lang='lat' dir='ltr'>autem</span> <span class='ocrx_word' id='word_1_231' title='bbox 1241 3248 1378 3326; x_wconf 89' lang='lat' dir='ltr'>aliquem</span> <span class='ocrx_word' id='word_1_232' title='bbox 1402 3265 1487 3324; x_wconf 34' lang='lat' dir='ltr'>seu,</span> 
     </span>
     <span class='ocr_line' id='line_1_31' title="bbox 271 3333 1459 3418; baseline 0.001 -22"><span class='ocrx_word' id='word_1_233' title='bbox 271 3334 394 3414; x_wconf 86' lang='lat' dir='ltr'>aliquos</span> <span class='ocrx_word' id='word_1_234' title='bbox 419 3355 458 3400; x_wconf 86' lang='lat' dir='ltr'>ex</span> <span class='ocrx_word' id='word_1_235' title='bbox 481 3337 574 3400; x_wconf 88' lang='lat' dir='ltr'>dietis</span> <span class='ocrx_word' id='word_1_236' title='bbox 597 3336 718 3400; x_wconf 87' lang='lat' dir='ltr'>civibus</span> <span class='ocrx_word' id='word_1_237' title='bbox 742 3355 799 3400; x_wconf 92' lang='lat' dir='ltr'>seu</span> <span class='ocrx_word' id='word_1_238' title='bbox 821 3337 1090 3402; x_wconf 92' lang='lat' dir='ltr'>inhabitatoribus</span> <span class='ocrx_word' id='word_1_239' title='bbox 1113 3335 1300 3418; x_wconf 93' lang='lat' dir='ltr'>praedictae</span> <span class='ocrx_word' id='word_1_240' title='bbox 1323 3333 1459 3399; x_wconf 90' lang='lat' dir='ltr'>civitatis</span> 
     </span>
     <span class='ocr_line' id='line_1_32' title="bbox 269 3422 1459 3505; baseline 0.001 -20"><span class='ocrx_word' id='word_1_241' title='bbox 269 3422 301 3486; x_wconf 92' lang='lat' dir='ltr'>in</span> <span class='ocrx_word' id='word_1_242' title='bbox 315 3423 569 3504; x_wconf 87' lang='lat' dir='ltr'>Lithomierzicz,</span> <span class='ocrx_word' id='word_1_243' title='bbox 585 3424 662 3488; x_wconf 91' lang='lat' dir='ltr'>viris</span> <span class='ocrx_word' id='word_1_244' title='bbox 685 3429 718 3489; x_wconf 92' lang='lat' dir='ltr'>et</span> <span class='ocrx_word' id='word_1_245' title='bbox 741 3426 937 3505; x_wconf 89' lang='lat' dir='ltr'>mulieribus,</span> <span class='ocrx_word' id='word_1_246' title='bbox 962 3425 1030 3488; x_wconf 91' lang='lat' dir='ltr'>sine</span> <span class='ocrx_word' id='word_1_247' title='bbox 1046 3426 1230 3504; x_wconf 89' lang='lat' dir='ltr'>donatione,</span> <span class='ocrx_word' id='word_1_248' title='bbox 1254 3427 1459 3500; x_wconf 90' lang='lat' dir='ltr'>testamento,</span> 
     </span>
     <span class='ocr_line' id='line_1_33' title="bbox 269 3509 1459 3593; baseline -0.001 -19"><span class='ocrx_word' id='word_1_249' title='bbox 269 3510 470 3576; x_wconf 90' lang='lat' dir='ltr'>ordinatione</span> <span class='ocrx_word' id='word_1_250' title='bbox 486 3530 543 3576; x_wconf 89' lang='lat' dir='ltr'>sau</span> <span class='ocrx_word' id='word_1_251' title='bbox 559 3512 778 3593; x_wconf 90' lang='lat' dir='ltr'>dispositione,</span> <span class='ocrx_word' id='word_1_252' title='bbox 796 3531 858 3578; x_wconf 92' lang='lat' dir='ltr'>non</span> <span class='ocrx_word' id='word_1_253' title='bbox 873 3514 995 3579; x_wconf 91' lang='lat' dir='ltr'>relictis</span> <span class='ocrx_word' id='word_1_254' title='bbox 1020 3514 1188 3592; x_wconf 90' lang='lat' dir='ltr'>utriusque</span> <span class='ocrx_word' id='word_1_255' title='bbox 1203 3529 1297 3576; x_wconf 88' lang='lat' dir='ltr'>sexus</span> <span class='ocrx_word' id='word_1_256' title='bbox 1308 3509 1459 3590; x_wconf 90' lang='lat' dir='ltr'>legitimis</span> 
     </span>
     <span class='ocr_line' id='line_1_34' title="bbox 267 3599 1459 3682; baseline 0.001 -20"><span class='ocrx_word' id='word_1_257' title='bbox 267 3599 451 3676; x_wconf 90' lang='lat' dir='ltr'>heredibus,</span> <span class='ocrx_word' id='word_1_258' title='bbox 475 3599 516 3664; x_wconf 92' lang='lat' dir='ltr'>ab</span> <span class='ocrx_word' id='word_1_259' title='bbox 540 3600 600 3665; x_wconf 91' lang='lat' dir='ltr'>hac</span> <span class='ocrx_word' id='word_1_260' title='bbox 623 3601 694 3664; x_wconf 88' lang='lat' dir='ltr'>luce</span> <span class='ocrx_word' id='word_1_261' title='bbox 718 3600 858 3681; x_wconf 89' lang='lat' dir='ltr'>migrare</span> <span class='ocrx_word' id='word_1_262' title='bbox 884 3602 1101 3682; x_wconf 88' lang='lat' dir='ltr'>contingeret:</span> <span class='ocrx_word' id='word_1_263' title='bbox 1127 3605 1265 3664; x_wconf 86' lang='lat' dir='ltr'>extunc</span> <span class='ocrx_word' id='word_1_264' title='bbox 1290 3599 1459 3663; x_wconf 88' lang='lat' dir='ltr'>universae</span> 
     </span>
     <span class='ocr_line' id='line_1_35' title="bbox 269 3686 1457 3769; baseline 0.001 -20"><span class='ocrx_word' id='word_1_265' title='bbox 269 3690 302 3749; x_wconf 91' lang='lat' dir='ltr'>et</span> <span class='ocrx_word' id='word_1_266' title='bbox 318 3687 461 3767; x_wconf 88' lang='lat' dir='ltr'>singulae</span> <span class='ocrx_word' id='word_1_267' title='bbox 488 3688 716 3769; x_wconf 87' lang='lat' dir='ltr'>possessiones,</span> <span class='ocrx_word' id='word_1_268' title='bbox 739 3688 948 3769; x_wconf 86' lang='lat' dir='ltr'>hereditates,</span> <span class='ocrx_word' id='word_1_269' title='bbox 978 3687 1204 3769; x_wconf 71' lang='lat' dir='ltr'>proprietates</span> <span class='ocrx_word' id='word_1_270' title='bbox 1230 3686 1359 3766; x_wconf 87' lang='lat' dir='ltr'>allodia,</span> <span class='ocrx_word' id='word_1_271' title='bbox 1377 3687 1457 3766; x_wconf 89' lang='lat' dir='ltr'>agri,</span> 
     </span>
     <span class='ocr_line' id='line_1_36' title="bbox 267 3775 1458 3857; baseline 0.003 -21"><span class='ocrx_word' id='word_1_272' title='bbox 267 3791 392 3854; x_wconf 88' lang='lat' dir='ltr'>census,</span> <span class='ocrx_word' id='word_1_273' title='bbox 416 3777 573 3857; x_wconf 92' lang='lat' dir='ltr'>redditus,</span> <span class='ocrx_word' id='word_1_274' title='bbox 600 3778 710 3842; x_wconf 90' lang='lat' dir='ltr'>domos</span> <span class='ocrx_word' id='word_1_275' title='bbox 726 3780 759 3841; x_wconf 90' lang='lat' dir='ltr'>et</span> <span class='ocrx_word' id='word_1_276' title='bbox 781 3779 865 3842; x_wconf 91' lang='lat' dir='ltr'>bona</span> <span class='ocrx_word' id='word_1_277' title='bbox 881 3777 1009 3843; x_wconf 92' lang='lat' dir='ltr'>mobilia</span> <span class='ocrx_word' id='word_1_278' title='bbox 1033 3782 1066 3841; x_wconf 92' lang='lat' dir='ltr'>et</span> <span class='ocrx_word' id='word_1_279' title='bbox 1081 3775 1265 3854; x_wconf 91' lang='lat' dir='ltr'>immobilia,</span> <span class='ocrx_word' id='word_1_280' title='bbox 1279 3775 1312 3838; x_wconf 93' lang='lat' dir='ltr'>in</span> <span class='ocrx_word' id='word_1_281' title='bbox 1329 3775 1458 3854; x_wconf 92' lang='lat' dir='ltr'>quibus-</span> 
     </span>
     <span class='ocr_line' id='line_1_37' title="bbox 270 3863 1458 3944; baseline 0.002 -20"><span class='ocrx_word' id='word_1_282' title='bbox 270 3879 394 3940; x_wconf 92' lang='lat' dir='ltr'>cunque</span> <span class='ocrx_word' id='word_1_283' title='bbox 408 3865 505 3928; x_wconf 89' lang='lat' dir='ltr'>rebus</span> <span class='ocrx_word' id='word_1_284' title='bbox 521 3865 705 3944; x_wconf 89' lang='lat' dir='ltr'>consistant,</span> <span class='ocrx_word' id='word_1_285' title='bbox 722 3864 807 3930; x_wconf 87' lang='lat' dir='ltr'>intus</span> <span class='ocrx_word' id='word_1_286' title='bbox 828 3870 862 3930; x_wconf 92' lang='lat' dir='ltr'>et</span> <span class='ocrx_word' id='word_1_287' title='bbox 882 3871 975 3929; x_wconf 86' lang='lat' dir='ltr'>extra</span> <span class='ocrx_word' id='word_1_288' title='bbox 986 3865 1150 3938; x_wconf 69' lang='lat' dir='ltr'>⁴civitatem</span> <span class='ocrx_word' id='word_1_289' title='bbox 1167 3866 1200 3929; x_wconf 92' lang='lat' dir='ltr'>in</span> <span class='ocrx_word' id='word_1_290' title='bbox 1215 3863 1458 3929; x_wconf 85' lang='lat' dir='ltr'>Lithomierzicz</span> 
     </span>
     <span class='ocr_line' id='line_1_38' title="bbox 268 3951 1456 4032; baseline 0.001 -19"><span class='ocrx_word' id='word_1_291' title='bbox 268 3951 480 4032; x_wconf 91' lang='lat' dir='ltr'>praedictam,</span> <span class='ocrx_word' id='word_1_292' title='bbox 505 3959 560 4017; x_wconf 90' lang='lat' dir='ltr'>aut</span> <span class='ocrx_word' id='word_1_293' title='bbox 584 3953 660 4017; x_wconf 88' lang='lat' dir='ltr'>alibi</span> <span class='ocrx_word' id='word_1_294' title='bbox 683 3952 865 4032; x_wconf 90' lang='lat' dir='ltr'>ubicunque</span> <span class='ocrx_word' id='word_1_295' title='bbox 888 3953 968 4018; x_wconf 91' lang='lat' dir='ltr'>talia</span> <span class='ocrx_word' id='word_1_296' title='bbox 990 3955 1052 4017; x_wconf 93' lang='lat' dir='ltr'>sita</span> <span class='ocrx_word' id='word_1_297' title='bbox 1075 3957 1260 4032; x_wconf 90' lang='lat' dir='ltr'>noscuntur,</span> <span class='ocrx_word' id='word_1_298' title='bbox 1286 3951 1327 4015; x_wconf 92' lang='lat' dir='ltr'>ad</span> <span class='ocrx_word' id='word_1_299' title='bbox 1351 3951 1456 4030; x_wconf 87' lang='lat' dir='ltr'>proxi·</span> 
     </span>
     <span class='ocr_line' id='line_1_39' title="bbox 268 4037 1457 4124; baseline 0.002 -24"><span class='ocrx_word' id='word_1_300' title='bbox 268 4037 386 4102; x_wconf 86' lang='lat' dir='ltr'>micres</span> <span class='ocrx_word' id='word_1_301' title='bbox 410 4045 449 4124; x_wconf 90' lang='lat' dir='ltr'>et</span> <span class='ocrx_word' id='word_1_302' title='bbox 471 4041 715 4120; x_wconf 81' lang='lat' dir='ltr'>propinquiores</span> <span class='ocrx_word' id='word_1_303' title='bbox 757 4041 803 4105; x_wconf 90' lang='lat' dir='ltr'>ita</span> <span class='ocrx_word' id='word_1_304' title='bbox 827 4041 1019 4106; x_wconf 90' lang='lat' dir='ltr'>decedentes</span> <span class='ocrx_word' id='word_1_305' title='bbox 1047 4060 1104 4106; x_wconf 91' lang='lat' dir='ltr'>seu</span> <span class='ocrx_word' id='word_1_306' title='bbox 1129 4039 1352 4106; x_wconf 89' lang='lat' dir='ltr'>decedentium</span> <span class='ocrx_word' id='word_1_307' title='bbox 1383 4057 1457 4103; x_wconf 91' lang='lat' dir='ltr'>con·</span> 
     </span>
     <span class='ocr_line' id='line_1_40' title="bbox 266 4126 1454 4216; baseline 0.001 -28"><span class='ocrx_word' id='word_1_308' title='bbox 266 4127 473 4206; x_wconf 80' lang='lat' dir='ltr'>sanguineos,</span> <span class='ocrx_word' id='word_1_309' title='bbox 485 4128 653 4192; x_wconf 89' lang='lat' dir='ltr'>masculini</span> <span class='ocrx_word' id='word_1_310' title='bbox 665 4145 723 4192; x_wconf 92' lang='lat' dir='ltr'>seu</span> <span class='ocrx_word' id='word_1_311' title='bbox 738 4127 881 4216; x_wconf 84' lang='lat' dir='ltr'>feminini</span> <span class='ocrx_word' id='word_1_312' title='bbox 893 4147 996 4210; x_wconf 85' lang='lat' dir='ltr'>sexus,</span> <span class='ocrx_word' id='word_1_313' title='bbox 1014 4135 1090 4194; x_wconf 92' lang='lat' dir='ltr'>tunc</span> <span class='ocrx_word' id='word_1_314' title='bbox 1103 4129 1340 4211; x_wconf 86' lang='lat' dir='ltr'>superstitibus,</span> <span class='ocrx_word' id='word_1_315' title='bbox 1352 4126 1454 4191; x_wconf 92' lang='lat' dir='ltr'>libere</span> 
     </span>
     <span class='ocr_line' id='line_1_41' title="bbox 266 4214 1459 4296; baseline 0.001 -20"><span class='ocrx_word' id='word_1_316' title='bbox 266 4214 310 4290; x_wconf 56' lang='lat' dir='ltr'>et,</span> <span class='ocrx_word' id='word_1_317' title='bbox 329 4215 399 4279; x_wconf 92' lang='lat' dir='ltr'>iure</span> <span class='ocrx_word' id='word_1_318' title='bbox 433 4215 628 4280; x_wconf 87' lang='lat' dir='ltr'>hereditario</span> <span class='ocrx_word' id='word_1_319' title='bbox 661 4217 883 4296; x_wconf 85' lang='lat' dir='ltr'>devolvantur,</span> <span class='ocrx_word' id='word_1_320' title='bbox 908 4217 967 4281; x_wconf 90' lang='lat' dir='ltr'>sub</span> <span class='ocrx_word' id='word_1_321' title='bbox 997 4219 1080 4282; x_wconf 91' lang='lat' dir='ltr'>amni</span> <span class='ocrx_word' id='word_1_322' title='bbox 1104 4216 1207 4295; x_wconf 89' lang='lat' dir='ltr'>modo,</span> <span class='ocrx_word' id='word_1_323' title='bbox 1237 4216 1387 4285; x_wconf 91' lang='lat' dir='ltr'>libertate</span> <span class='ocrx_word' id='word_1_324' title='bbox 1427 4220 1459 4278; x_wconf 87' lang='lat' dir='ltr'>et</span> 
     </span>
     <span class='ocr_line' id='line_1_42' title="bbox 266 4299 1458 4389; baseline 0.002 -25"><span class='ocrx_word' id='word_1_325' title='bbox 266 4299 378 4382; x_wconf 83' lang='lat' dir='ltr'>forma,</span> <span class='ocrx_word' id='word_1_326' title='bbox 403 4303 515 4382; x_wconf 89' lang='lat' dir='ltr'>quibus</span> <span class='ocrx_word' id='word_1_327' title='bbox 531 4304 563 4367; x_wconf 92' lang='lat' dir='ltr'>in</span> <span class='ocrx_word' id='word_1_328' title='bbox 580 4303 697 4368; x_wconf 90' lang='lat' dir='ltr'>talibus</span> <span class='ocrx_word' id='word_1_329' title='bbox 720 4321 798 4368; x_wconf 90' lang='lat' dir='ltr'>casu</span> <span class='ocrx_word' id='word_1_330' title='bbox 814 4310 849 4368; x_wconf 91' lang='lat' dir='ltr'>et</span> <span class='ocrx_word' id='word_1_331' title='bbox 874 4305 1018 4370; x_wconf 88' lang='lat' dir='ltr'>articuhs</span> <span class='ocrx_word' id='word_1_332' title='bbox 1034 4305 1165 4370; x_wconf 81' lang='lat' dir='ltr'>Civitati</span> <span class='ocrx_word' id='word_1_333' title='bbox 1184 4309 1318 4389; x_wconf 85' lang='lat' dir='ltr'>nostrae</span> <span class='ocrx_word' id='word_1_334' title='bbox 1341 4303 1458 4367; x_wconf 90' lang='lat' dir='ltr'>Maiori</span> 
     </span>
     <span class='ocr_line' id='line_1_43' title="bbox 255 4387 1457 4471; baseline 0.003 -19"><span class='ocrx_word' id='word_1_335' title='bbox 255 4387 430 4470; x_wconf 54' lang='lat' dir='ltr'>,Pnagensi</span> <span class='ocrx_word' id='word_1_336' title='bbox 457 4391 594 4471; x_wconf 85' lang='lat' dir='ltr'>gratiam</span> <span class='ocrx_word' id='word_1_337' title='bbox 617 4393 735 4456; x_wconf 90' lang='lat' dir='ltr'>nostris</span> <span class='ocrx_word' id='word_1_338' title='bbox 764 4392 949 4470; x_wconf 79' lang='lat' dir='ltr'>Regalibus.</span> <span class='ocrx_word' id='word_1_339' title='bbox 967 4393 1071 4459; x_wconf 90' lang='lat' dir='ltr'>literis</span> <span class='ocrx_word' id='word_1_340' title='bbox 1094 4395 1267 4459; x_wconf 87' lang='lat' dir='ltr'>noscuntur</span> <span class='ocrx_word' id='word_1_341' title='bbox 1294 4408 1457 4470; x_wconf 84' lang='lat' dir='ltr'>erogasse.</span> 
     </span>
     <span class='ocr_line' id='line_1_44' title="bbox 268 4474 1457 4548; baseline 0.004 -9"><span class='ocrx_word' id='word_1_342' title='bbox 268 4474 415 4541; x_wconf 88' lang='lat' dir='ltr'>Gratiam</span> <span class='ocrx_word' id='word_1_343' title='bbox 439 4478 622 4542; x_wconf 92' lang='lat' dir='ltr'>huiusmodi</span> <span class='ocrx_word' id='word_1_344' title='bbox 649 4479 690 4542; x_wconf 88' lang='lat' dir='ltr'>ad</span> <span class='ocrx_word' id='word_1_345' title='bbox 712 4479 784 4544; x_wconf 90' lang='lat' dir='ltr'>illos</span> <span class='ocrx_word' id='word_1_346' title='bbox 809 4481 965 4545; x_wconf 84' lang='lat' dir='ltr'>duntaxat</span> <span class='ocrx_word' id='word_1_347' title='bbox 988 4483 1073 4548; x_wconf 90' lang='lat' dir='ltr'>cives</span> <span class='ocrx_word' id='word_1_348' title='bbox 1096 4486 1129 4546; x_wconf 91' lang='lat' dir='ltr'>et</span> <span class='ocrx_word' id='word_1_349' title='bbox 1143 4479 1281 4547; x_wconf 81' lang='lat' dir='ltr'>incolas.</span> <span class='ocrx_word' id='word_1_350' title='bbox 1294 4480 1327 4543; x_wconf 92' lang='lat' dir='ltr'>in</span> <span class='ocrx_word' id='word_1_351' title='bbox 1346 4478 1457 4544; x_wconf 79' lang='lat' dir='ltr'>nuno</span> 
     </span>
    </p>
   </div>
   <div class='ocr_carea' id='block_1_4' title="bbox 0 0 1622 5010">
    <p class='ocr_par' dir='ltr' id='par_1_4' title="bbox 0 0 1622 5010">
     <span class='ocr_line' id='line_1_45' title="bbox 0 0 1622 5010; baseline 0 5"><span class='ocrx_word' id='word_1_352' title='bbox 0 0 1622 5010; x_wconf 95' lang='lat' dir='ltr'> </span> 
     </span>
    </p>
   </div>
  </div>
 </body>
</html>
