3270 5020
230 403 295 474 258
762 402 899 458 saranum

329 544 367 608 V.
392 543 483 609 Haec
506 542 614 622 igitur,
639 545 679 608 de
696 545 811 622 quibus
828 544 984 608 haetenus
1008 543 1227 618 disseruimus,
1252 548 1326 606 sunt
1342 561 1423 620 quae

232 631 402 698 terrestria
417 636 572 696 vocantur
587 636 620 694 et
636 632 750 712 Regno
767 632 825 696 toti
843 632 1063 710 vendicantur,
1088 649 1222 694 munera
1238 630 1420 711 superiora:

231 722 301 786 Rex
324 719 471 784 similiter
492 737 553 782 sua
576 717 675 783 habet
696 720 796 798 varia,
821 720 985 800 dignitatis
1008 722 1195 799 neutiquam
1219 721 1421 799 spernendae

232 826 374 872 lnunera.
401 807 511 872 Utitur
534 810 642 870 auteur
666 807 704 870 iis
724 807 799 886 jnre
822 808 1002 886 majestatis
1025 827 1098 886 suo,
1129 809 1161 870 in
1184 808 1284 872 rebus
1306 807 1422 888 partim

233 896 335 976 seriis,
360 895 476 976 partim
494 893 748 960 oblectabilibus.
774 897 874 962 Seriis
890 897 989 962 rebus
1005 902 1210 976 occupantur,
1228 913 1310 973 quae
1327 896 1421 960 desu-

232 984 310 1048 dant
332 984 364 1046 in
384 982 531 1061 justitiae
554 983 842 1063 administratione,
874 985 906 1048 in
935 983 1003 1049 fisci
1034 985 1114 1064 regii
1143 989 1177 1048 et
1208 1001 1291 1060 quae
1317 983 1357 1047 ab
1383 1000 1420 1046 co

233 1071 430 1151 dependent,
467 1072 707 1150 urdenatione,
744 1071 774 1135 in
809 1073 991 1152 feudorum,
1027 1090 1108 1152 qnae
1143 1071 1228 1134 ultra
1258 1072 1420 1152 Bojemum

233 1159 365 1223 limitem
391 1165 475 1233 snrrt,
506 1158 736 1238 moderatione,
766 1161 861 1239 inque
889 1160 1052 1224 ordinaria
1076 1160 1186 1223 domus
1217 1165 1251 1223 et
1282 1159 1423 1239 eorporis

231 1246 317 1326 regii
344 1246 498 1311 custodia.
531 1246 721 1327 Expeditius
751 1266 847 1328 porro
879 1249 1035 1313 obeundis
1065 1247 1248 1313 muneribus
1276 1247 1324 1312 his
1354 1246 1422 1310 fero

232 1334 365 1414 singulis
381 1333 532 1413 adjuncta
548 1336 644 1398 etiam
661 1342 710 1400 est
725 1354 895 1402 numerosa
916 1337 1176 1414 secretariorum,
1193 1336 1421 1410 actuariorum,

233 1422 420 1500 scribarum,
446 1423 614 1503 viatorum,
638 1423 950 1503 ministeriorumque
967 1429 1167 1489 caeterorum
1184 1424 1289 1488 turba.
1314 1423 1421 1512 Αὼιῄ-

231 1509 417 1575 nistraudae
439 1510 583 1589 justitiae
607 1513 675 1576 Rex
693 1513 893 1578 consiliarios
917 1513 977 1578 sibi
994 1513 1153 1577 arbitratu
1177 1530 1233 1575 suo
1254 1511 1340 1592 legit,
1366 1531 1423 1589 rer

231 1616 350 1677 eosque
380 1596 519 1663 definitis
550 1598 621 1679 lege
652 1602 776 1679 dietus,
812 1605 1018 1666 controversa
1049 1620 1132 1664 nunc
1162 1599 1303 1678 curialia,
1339 1617 1423 1662 nnnc

232 1681 403 1752 cameralia
415 1688 544 1766 negotia
558 1690 696 1767 quaevis
707 1689 790 1767 juris
803 1690 854 1754 via
868 1689 1030 1768 cognoscit
1043 1687 1215 1752 acdecidit.
1231 1686 1425 1752 Praesident

232 1779 340 1838 autem
377 1773 531 1838 tribunali
569 1776 692 1842 consilii
730 1777 825 1855 nujus
859 1777 947 1855 regio
984 1777 1160 1840 directores
1195 1774 1257 1838 duo
1294 1775 1422 1850 diversi,

233 1879 311 1942 quos
343 1861 452 1926 ambos
482 1881 630 1928 vocamus
658 1882 844 1944 supremos:
877 1865 909 1927 in
940 1864 1113 1928 curialibus
1142 1863 1271 1942 quidem
1293 1861 1311 1926 J
1322 1863 1424 1926 udcx

232 1949 392 2026 Curiae,
415 1949 448 2013 in
472 1950 686 2016 camenalibus
709 1971 785 2016 vero
805 1953 953 2016 Clariae
980 1952 1027 2014 vel
1045 1950 1422 2030 PalatiiMagister.

231 2038 316 2102 Fisci
332 2038 434 2117 Regii,
461 2038 596 2103 Statirae
612 2040 746 2104 atolm'cb
762 2040 775 2102 i
790 2039 981 2117 iormorna'cb,
1006 2041 1072 2104 sire
1089 2038 1274 2118 patrimonii
1290 2039 1423 2118 agrique

232 2125 326 2206 Regii
351 2126 580 2206 procurationi,
602 2127 873 2192 Praefectura
895 2129 1084 2205 Aeraria,
1109 2133 1217 2191 scunt
1240 2145 1311 2191 eum
1329 2125 1423 2206 vulgo

231 2215 354 2294 loquar,
379 2214 605 2279 Consilium
623 2216 819 2282 Gamerae
836 2223 886 2280 est
901 2215 1098 2289 ordinaturum
1126 2215 1175 2278 cui
1192 2216 1244 2294 qui
1261 2215 1425 2294 praesidet

235 2304 322 2382 baro,
342 2302 601 2366 Praesideus
617 2304 811 2369 Gamerae
827 2303 1017 2384 appellatur,
1038 2302 1201 2382 habetque
1218 2322 1256 2368 ex
1273 2303 1426 2382 Equestri

236 2390 358 2456 Ordine
375 2390 542 2470 adjunctos
559 2392 699 2473 collegas
715 2398 751 2457 ut
766 2393 936 2472 plurimum
950 2395 1099 2472 quinque.
1117 2391 1239 2454 Horum
1252 2392 1426 2455 dictasunt

235 2479 403 2543 audientes
425 2478 615 2559 Fiscalis,
640 2498 733 2560 quem
759 2481 859 2561 Regis
882 2482 1127 2545 Procuratorem
1155 2484 1278 2544 uocant.
1306 2479 1426 2543 aerarii

236 2571 386 2646 quaestor
429 2567 633 2648 logistesque,
680 2575 713 2632 et
758 2567 912 2633 ditionum
957 2567 1225 2649 patrimonialium
1271 2566 1426 2648 praefecti

236 2671 354 2733 omnes,
386 2654 550 2734 libripens,
584 2657 766 2735 passimque
798 2657 828 2720 in
859 2656 957 2720 limite
985 2661 1018 2720 et
1041 2657 1183 2734 urbibus,
1217 2655 1427 2735 vectigalibus

236 2741 401 2820 exigendis
426 2745 592 2808 constituti
616 2749 790 2810 exactores.
824 2744 904 2808 l'isci
930 2744 1147 2824 procurationi
1173 2742 1276 2808 affinis
1301 2762 1426 2822 quoque

236 2833 287 2894 est
315 2830 621 2895 Metallicorum
651 2832 935 2910 Magisterium
967 2850 1160 2912 supremum.
1194 2831 1427 2896 Conuuendare

235 2915 296 2980 hoo
319 2935 434 2980 munus
456 2919 527 2982 Rex
557 2938 616 3000 per
638 2919 727 2999 leges
750 2924 858 3000 potest
883 2915 907 2996 ¹)
938 2925 1003 2984 tam
1036 2939 1075 2984 ex
1106 2919 1227 2984 civibus
1260 2938 1354 2999 quam
1388 2937 1427 2981 ex

236 3005 414 3084 nobilitate,
448 3006 515 3071 viro
546 3008 628 3071 bono
659 3025 753 3087 quem
782 3007 830 3072 rei
857 3007 996 3088 peritum
1022 3013 1055 3072 et
1077 3007 1247 3072 obeundae
1272 3006 1425 3070 functioni

236 3093 386 3158 idoneum
412 3093 575 3174 judicarit.
601 3096 741 3161 Visitare
774 3101 879 3161 autem
905 3096 941 3175 is,
978 3102 1074 3176 prout
1097 3115 1177 3176 opus
1204 3101 1264 3175 est,
1299 3100 1428 3160 tenetur

238 3182 308 3246 auri
332 3186 365 3245 et
388 3183 513 3262 argenti
537 3183 660 3248 fodinas
685 3188 752 3248 toto
775 3202 875 3264 regno
899 3203 1020 3263 omnes,
1044 3184 1075 3248 iu
1100 3183 1211 3264 eaque,
1244 3201 1326 3262 quae
1354 3184 1428 3248 istic

237 3273 410 3348 geruntur,
446 3269 614 3351 diligenter
646 3272 829 3352 inquirere,
865 3277 899 3336 et
930 3273 1080 3353 quiequid
1116 3278 1248 3352 praeter
1283 3271 1426 3335 ordinem

234 3358 371 3438 juraque
402 3358 643 3440 fodinariaagi
675 3359 725 3424 vel
756 3377 775 3424 a
804 3359 892 3424 fundi
924 3360 1050 3426 domino
1080 3359 1128 3422 vel
1158 3360 1198 3423 ab
1228 3357 1426 3424 officinarum

238 3445 470 3510 metalliearum
486 3445 666 3512 bominibus
681 3449 812 3528 peccari
829 3449 982 3527 cognorit,
1007 3449 1194 3523 emendare;
1220 3446 1427 3526 compellatus

238 3535 279 3598 ab
294 3533 333 3598 iis
357 3552 491 3611 quorum
506 3536 652 3614 interest,
678 3535 719 3600 de
734 3536 920 3600 redimendo
937 3557 956 3600 a
971 3537 1145 3602 fossoribus
1169 3535 1239 3600 auri
1263 3535 1427 3614 argentive

239 3622 462 3702 emolumento,
486 3627 611 3688 mature
635 3623 667 3686 id
691 3625 808 3703 faeere,
833 3630 875 3702 et,
900 3631 935 3688 nt
955 3624 1053 3688 verbo
1078 3623 1192 3700 dicam,
1217 3624 1322 3688 ornnia
1346 3641 1426 3702 quac

237 3711 474 3789 promovendae
497 3712 546 3777 rei
569 3711 768 3776 metallariac
792 3716 973 3792 opportuna
996 3712 1142 3787 senserit,
1174 3715 1324 3776 accurata
1352 3730 1426 3792 pro-

238 3799 370 3878 spicere.
403 3801 440 3863 In
471 3798 539 3878 ejus
571 3819 667 3864 curae
699 3805 825 3880 partem
856 3819 927 3865 cum
956 3819 994 3864 eo
1027 3799 1112 3864 venit
1134 3800 1256 3878 Regius
1280 3805 1427 3864 urionetae

238 3887 430 3967 explorator,
458 3889 513 3968 qui
536 3893 604 3953 tum
628 3891 766 3969 quaein
791 3907 861 3952 rem
883 3889 1010 3966 uiderit,
1036 3906 1108 3952 enm
1131 3905 1272 3964 monere,
1296 3893 1363 3952 tum
1387 3907 1428 3951 ne

239 3991 353 4038 uulnus
374 3976 520 4056 publicus
550 3977 757 4057 depravetur,
788 3995 919 4056 operam
950 3976 1047 4040 debet
1077 3974 1156 4038 dare
1181 3967 1216 4052 ²).
1247 3975 1320 4040 Jam
1354 3994 1428 4040 vero

239 4063 314 4143 quia
342 4064 458 4130 multas
488 4066 519 4128 in
545 4066 729 4146 Germania,
760 4066 896 4145 ideoque
925 4065 1012 4129 ultra
1041 4063 1133 4142 regni
1161 4063 1210 4127 sui
1238 4061 1328 4142 tinea,
1359 4065 1427 4129 Rex

238 4151 388 4231 Bojemus
416 4151 515 4217 habet
550 4153 724 4233 clientelas,
759 4153 856 4218 feuda
885 4157 918 4216 et
947 4149 1112 4231 beneficia,
1147 4170 1229 4232 quae
1254 4151 1321 4230 janu
1352 4151 1428 4216 olim

240 4257 376 4304 coronae
394 4244 427 4304 et
442 4241 574 4320 regibus
588 4240 727 4320 Bojemis
744 4245 818 4305 sunt
834 4240 979 4319 obnoxia,
1003 4239 1041 4304 iis
1061 4241 1094 4302 in
1110 4237 1213 4305 officio
1229 4239 1429 4304 continendis

342 4431 364 4497 1)
385 4429 472 4497 Regni
490 4399 636 4486 Constitue.
655 4433 688 4485 A.
707 4435 750 4488 m.
788 4430 814 4500 2)
834 4431 900 4498 cap.
919 4429 1022 4498 nuru,
1041 4433 1066 4496 q.
1085 4433 1111 4486 4.
