3196 5010
580 444 612 499 V.
633 442 801 511 Ophthalmii
819 441 974 496 Processus.

655 589 797 628 cansarum
829 572 856 625 in
888 567 1059 632 defensione,
1091 566 1118 619 id
1150 573 1250 621 vocant
1274 567 1397 620 Graeci

410 595 423 871 i
712 647 812 718 α’ἶτιον,
836 654 967 709 causidici
992 650 1186 717 exceptionem,
1206 664 1286 716 quam
1307 664 1393 702 reus

711 731 800 786 adfert
819 754 868 804 pro
888 735 1044 790 defensione
1064 747 1129 784 suae
1149 729 1243 799 partis.

183 805 309 859 Deducta
322 806 397 859 inf·
444 807 586 861 collatione
657 806 818 858 firmamenti
854 811 882 862 in
919 807 1043 869 actione3
1080 803 1108 856 id
1141 806 1239 855 vocant
1276 801 1396 854 Graeci

211 893 269 930 rum
280 880 396 944 Pfflbass·
713 879 853 962 συνέχον,
866 887 996 942 causidici
1006 885 1218 952 replicationem,
1230 900 1284 950 qua
1297 887 1395 936 actor

216 955 260 1001 fur
278 949 319 1003 vel
337 966 370 1002 ex
714 981 763 1031 pro
799 969 1002 1023 confirmatione
1031 981 1096 1018 snae
1125 964 1211 1030 partis
1242 964 1393 1017 adversus

714 1040 898 1104 exceptionem
917 1042 964 1108 rei,
984 1039 1077 1091 utitur.

447 1124 514 1174 pure
544 1107 626 1233 {act}
643 1109 800 1177 negatione,
828 1128 897 1180 quae
925 1110 1038 1179 imponit
1071 1108 1156 1162 actori
1187 1107 1392 1160 necessitatem

494 1196 542 1246 pro
563 1195 598 1232 an
619 1199 635 1236 1.

408 1361 473 1430 De
492 1359 699 1452 probatione
717 1387 787 1458 per
812 1362 1027 1436 evidentiam
1042 1360 1149 1459 facti.

642 1519 805 1586 Titulus
829 1523 915 1586 XIV.

286 1656 376 1720 Inter
399 1673 508 1719 omnes
530 1653 736 1734 probationes
759 1656 925 1735 potissima
947 1660 998 1719 est
1020 1662 1053 1720 et
1074 1656 1245 1738 plurimum
1264 1654 1387 1717 virium

192 1744 290 1808 habet
313 1761 372 1823 pro
389 1747 527 1822 negante
552 1743 766 1807 convincendo
786 1763 834 1821 ea,
852 1762 934 1823 quae
954 1744 990 1808 fit
1006 1763 1065 1823 per
1081 1743 1274 1809 evidentiam
1289 1741 1386 1820 facti,

189 1833 265 1896 darm
287 1831 407 1896 factum
431 1833 476 1894 ita
499 1837 607 1895 notum
633 1835 693 1910 est,
718 1837 753 1896 ut
776 1833 888 1913 negari
910 1837 1057 1912 nequeat.

285 1919 489 2000 Exemplum:
525 1919 570 1984 Ut
601 1919 627 1983 si
657 1918 709 1983 fur
733 1921 919 1985 manifestus
942 1939 1013 1985 cum
1046 1940 1081 1986 re
1112 1919 1230 1984 furtiva
1260 1919 1384 1999 depre-

190 2009 307 2072 hensus
331 2007 382 2072 vel
406 2007 565 2072 homicida
587 2025 705 2072 necare
729 2009 815 2072 visus
837 2007 946 2072 fuerit.
971 2007 1091 2074 Omnes
1107 2006 1264 2088 ejusmodi
1287 2011 1385 2069 actus

189 2095 357 2176 manifesti,
390 2095 442 2175 qui
473 2095 652 2176 procedunt
679 2113 698 2158 a
723 2098 801 2176 risu,
826 2102 980 2161 vocantur
1011 2097 1137 2161 notorii.
1168 2095 1250 2160 Hinc
1282 2093 1382 2156 illud:

190 2183 359 2248 Notarium
384 2202 445 2247 non
470 2187 545 2262 eget
567 2183 766 2264 probatione.
795 2185 839 2248 Et
862 2184 955 2248 illud:
987 2182 1078 2261 Quod
1101 2189 1192 2265 patet
1214 2200 1382 2262 expresse,

190 2290 253 2336 non
289 2279 338 2336 est
372 2272 511 2351 probare
544 2289 683 2336 necesse.
721 2272 834 2352 Itaque
871 2271 1020 2350 quicquid
1056 2271 1296 2337 demonstratae
1330 2270 1384 2332 rei

188 2359 328 2437 additur,
352 2359 429 2423 satis
453 2361 703 2431 demonstratae.
736 2359 770 2424 id
792 2361 915 2424 frustra
938 2365 997 2424 est.
1030 2360 1113 2439 Quia
1136 2378 1198 2424 non
1222 2365 1272 2422 est
1295 2375 1378 2437 opus

189 2447 308 2526 verbis,
333 2448 387 2510 ubi
410 2465 516 2510 rerum
542 2447 726 2511 testimonia
749 2447 873 2511 adsunt.

286 2549 376 2601 Causa
402 2546 520 2600 efficiens
547 2548 618 2601 hanc
647 2550 833 2614 probationem
859 2557 899 2601 cst
918 2556 995 2602 actus
1022 2549 1190 2617 manifestus,
1215 2549 1380 2617 pervisum,

193 2620 291 2673 famam
311 2619 445 2686 publicam
465 2626 492 2672 et
511 2620 652 2674 notoriam.

294 2690 447 2756 Subjcctum
467 2697 509 2744 est
527 2707 570 2743 res
590 2691 631 2744 vel
649 2690 750 2745 factum
769 2699 963 2760 perpetratum.

292 2762 432 2827 Objectum
453 2768 494 2816 est
513 2763 620 2829 negatio
640 2762 720 2832 illiue,
740 2764 812 2832 quod
832 2765 891 2831 qrris
911 2763 974 2816 fecit
994 2770 1041 2816 aut
1061 2763 1146 2817 debet.

293 2834 392 2886 Forma
411 2841 452 2886 est
470 2850 535 2887 risus
555 2840 582 2886 et
600 2835 765 2889 consuetudo
785 2835 836 2889 fori
855 2836 883 2888 in
902 2835 1042 2902 probando
1063 2835 1202 2888 servanda.

292 2905 367 2956 Finis
388 2914 436 2968 est,
456 2911 486 2957 nt
505 2905 642 2959 evidenter
660 2907 746 2960 victus
766 2907 965 2960 condemnetur.

458 3087 520 3158 De
539 3084 749 3185 probatione
767 3110 834 3182 per
860 3085 1115 3184 confessionem.
1164 3051 1167 3056 Ι

657 3227 769 3292 Titui
781 3245 825 3291 us
849 3228 918 3293 XV.

290 3357 367 3422 Post
390 3357 583 3423 evidentiam
617 3356 693 3421 facti
718 3358 861 3439 proxima
890 3359 1049 3439 probandi
1074 3358 1125 3421 via
1148 3362 1208 3435 est,
1239 3373 1320 3434 quae
1345 3352 1381 3416 fit

193 3463 252 3524 per
289 3444 529 3510 confessionem.
573 3445 744 3510 Confessus
779 3447 863 3510 enim
896 3466 955 3527 pro
985 3446 1129 3526 judicato
1164 3443 1310 3521 habetur,
1346 3446 1379 3505 et

192 3533 426 3612 quodammodo
457 3551 516 3597 sua
544 3534 705 3598 sententia
740 3536 981 3600 condemnatur.
1016 3535 1094 3599 Ideo
1123 3533 1155 3595 in
1192 3531 1379 3595 confitentes

193 3621 300 3684 nullae
317 3626 490 3702 supersunt
505 3629 615 3702 partes
631 3621 757 3703 judicis,
774 3623 834 3687 nisi
850 3624 1072 3689 condemnatio
1090 3614 1109 3703 (
1108 3622 1146 3685 B.
1161 3619 1212 3684 36.
1228 3619 1316 3683 Diat.
1328 3617 1357 3682 2.
1359 3606 1380 3697 )

293 3708 459 3774 Confessio
482 3716 531 3774 est
545 3711 711 3791 proprium
727 3711 941 3776 testimonium
956 3710 1146 3785 confitentis
1171 3713 1204 3771 et
1218 3705 1382 3771 confessus

196 3795 236 3860 de
260 3814 294 3860 se
319 3816 417 3879 super
441 3799 575 3864 aliorum
600 3798 801 3863 conscientiis
824 3799 1019 3880 interrogari
1042 3817 1104 3862 non
1127 3796 1233 3874 debet,
1257 3799 1290 3858 et
1313 3785 1381 3869 (ex-

195 3889 289 3964 cepto
321 3885 452 3951 crimine
485 3886 573 3951 laesa
607 3881 800 3967 Majestatis)
833 3888 873 3951 de
902 3893 997 3952 reatu
1032 3885 1161 3967 proprio
1192 3881 1382 3946 confitentis.

197 3973 382 4039 Periculosa
406 3974 561 4039 confessio
599 3993 661 4039 non
696 3979 747 4039 est
777 3976 931 4039 adversus
966 3975 1141 4055 quemlibet
1174 3968 1381 4046 admittenda,

197 4060 256 4124 nisi
279 4061 363 4126 forte
386 4063 413 4126 is
436 4062 536 4127 fuerit
558 4063 598 4126 de
623 4080 661 4126 eo
685 4062 864 4127 infamatus
894 4057 947 4144 (S,
971 4054 1045 4142 30.)

296 4165 385 4218 Causa
405 4164 523 4219 efficiens
542 4166 613 4218 hanc
634 4165 820 4231 probationem
840 4172 882 4218 est
900 4166 1104 4233 pars'allegans
1125 4162 1328 4217 confessionem.

295 4236 449 4302 Subjectum
469 4243 510 4289 est
529 4237 590 4304 ipsa
609 4236 742 4290 confessio
763 4237 877 4303 alicujus
897 4238 935 4289 rei
956 4238 995 4290 vel
1015 4236 1088 4292 facti.

295 4308 396 4360 Forma
415 4314 465 4376 est,
485 4308 592 4376 qriando
612 4309 643 4360 fit
661 4308 816 4375 injudicio,
837 4309 899 4361 dnm
919 4308 953 4361 ad
972 4309 1090 4362 libellum
1110 4307 1300 4373 respondetur.

298 4378 374 4431 Finis
394 4385 443 4447 est,
462 4387 493 4432 ut
511 4379 650 4435 confessus
669 4395 718 4446 pro
744 4381 865 4433 convicto
885 4380 1018 4433 habeatur
1046 4385 1073 4432 et
1092 4379 1126 4432 ad
1146 4378 1303 4432 solvendum
1322 4393 1384 4429 con·

200 4452 347 4506 damnetur.
