3212 5008
230 436 273 503 76
422 492 425 496 .
698 433 731 489 V.
751 433 949 501 Opbthalmius.

230 570 348 635 vendit.
375 570 555 650 Plagiarius
579 578 635 636 aut
665 572 698 636 in
721 572 883 638 metallum
909 573 1193 651 condemnabatur,
1226 580 1282 638 aut
1305 575 1415 641 bestiis

230 657 474 738 subjiciebatur;
501 660 587 740 apud
611 678 668 724 nos
692 661 824 724 veroin
847 665 958 741 partes
982 661 1160 726 dissecatur
1182 651 1241 738 (0.
1266 649 1318 743 4.)

327 747 398 810 Huc
434 748 575 828 pertinet
608 752 642 813 et
682 747 902 829 sacrilegium,
941 748 1068 830 quando
1103 749 1174 828 quis
1209 749 1314 814 aufert
1347 769 1416 815 rem

229 851 365 902 sacram.
396 834 440 900 Et
464 835 537 900 talis
560 835 736 916 sacrilegus
765 855 891 916 quoque
914 837 1004 902 furca
1032 836 1238 918 suspenditur
1261 829 1320 917 (0.
1345 831 1416 917 12.)

252 1155 256 1161 .
365 1045 428 1116 De
452 1023 549 1142 Lrpc
572 1042 726 1139 Aquilia
752 1057 783 1115 et
802 1047 976 1142 pauperia
1002 1048 1285 1144 quadrupedum.

329 1214 487 1276 Damnum
511 1231 548 1276 ex
571 1210 643 1290 lege
666 1210 793 1291 Aquilia
817 1212 943 1292 dicitur,
970 1212 1097 1292 quando
1121 1211 1191 1290 quis
1215 1209 1298 1290 dolo,
1323 1210 1418 1290 culpa

232 1301 420 1380 rel-injuria
444 1317 570 1365 servum
593 1304 650 1362 aut
666 1298 907 1379 quadrupedem
930 1300 1061 1364 alterius
1085 1300 1210 1378 occidit,
1228 1299 1418 1378 vulneravit,

231 1389 281 1454 rel
311 1388 429 1468 alioqui
460 1405 513 1453 res
545 1387 613 1466 ejus
643 1386 749 1466 iregit,
782 1389 870 1468 rupit
900 1393 956 1453 aut
985 1388 1088 1452 laesit.
1121 1387 1367 1451 Denominatum
1400 1405 1420 1448 a

232 1480 335 1557 olenio,
368 1475 458 1644 q)uasi
482 1474 643 1555 ademptio
676 1475 727 1540 vel
751 1475 915 1541 diminutio
950 1475 1133 1558 patrimonii
1155 1474 1256 1539 nostri
1279 1463 1340 1554 (ic.
1366 1470 1417 1538 lc.

232 1566 318 1630 Diei.
346 1565 375 1627 1.
710 1611 723 1628 ..
778 1603 780 1608 ·
1167 1609 1171 1616 .

330 1651 452 1732 Injuria
476 1651 557 1730 dico,
581 1656 615 1714 ut
639 1651 804 1716 excludam
820 1651 1055 1732 quadrupedes,
1079 1669 1161 1731 quae
1177 1669 1239 1716 non
1255 1650 1416 1728 damnum,

232 1741 288 1806 secl
306 1739 492 1821 pauperiem
515 1738 645 1803 faciunt.
669 1739 706 1802 In
729 1740 769 1803 iis
785 1742 879 1818 enim,
904 1738 1058 1820 siquidem
1075 1758 1169 1804 sensu
1194 1742 1316 1816 carent,
1333 1737 1419 1800 nulla

231 1829 302 1893 fieri
337 1831 443 1908 potest
473 1825 600 1907 injuria,
634 1827 744 1906 itaque
778 1827 854 1892 nibil
888 1832 1001 1892 contra
1029 1827 1082 1907 jus
1116 1829 1266 1892 videntur
1300 1827 1418 1890 lacere.

233 1918 324 1981 Hanc
347 1915 450 1994 legem
474 1913 585 1979 Gallus
607 1914 762 1994 Aquilius,
781 1916 927 1980 tribunus
950 1915 1062 1996 plebia,
1087 1936 1107 1980 a
1131 1935 1193 1996 quo
1222 1917 1256 1977 et
1278 1913 1418 1978 denomi-

205 2005 392 2068 nationem
416 2001 523 2081 habet,
548 2002 732 2067 introduxit.
788 2058 792 2067 .

329 2090 495 2171 Imperitia
524 2095 558 2153 et
579 2090 776 2170 negligentia
807 2091 920 2172 culpae
945 2109 1070 2171 quoque
1095 2089 1299 2156 annumerari
1323 2088 1420 2166 solet;

232 2179 368 2258 ideoque
403 2195 465 2242 non
501 2178 601 2242 solum
638 2181 669 2241 iu
693 2179 818 2243 medico
852 2180 955 2243 locum
986 2179 1094 2256 habet,
1119 2197 1228 2242 verum
1262 2177 1359 2241 etiarn
1389 2176 1419 2238 in

234 2265 419 2344 artificibus,
453 2284 528 2330 suas
560 2270 647 2330 artes
678 2265 901 2345 profitentibus
929 2257 991 2344 (K.
1014 2267 1044 2331 3.
1069 2268 1100 2332 5.
1124 2267 1210 2331 Dici.
1230 2267 1258 2330 1.
1276 2265 1307 2329 2.
1323 2264 1354 2330 3.
1370 2255 1421 2341 4.)

234 2355 378 2418 Medicus
401 2359 583 2432 excusatur,
608 2355 634 2418 si
657 2353 803 2418 adhibuit
827 2355 1024 2434 diligentiam
1047 2354 1222 2419 secundum
1245 2356 1421 2432 praecepta

236 2444 325 2507 artis,
349 2442 433 2506 Hine
455 2441 532 2504 illud
556 2446 690 2522 poetae:

375 2549 448 2614 Non
472 2555 522 2615 est
545 2551 577 2614 in
601 2551 735 2631 medico,
760 2534 889 2632 semper
910 2552 1072 2617 relevetur
1095 2557 1130 2617 ut
1153 2563 1260 2631 aeger,

374 2638 540 2703 Interdum
564 2638 658 2703 docta
683 2640 753 2719 plus
777 2639 862 2704 valet
885 2645 954 2704 arte
978 2639 1105 2704 malurn.
1201 2649 1203 2656 “

330 2770 463 2835 Actione
487 2772 584 2850 Legis
607 2771 753 2850 Aquiliae
777 2788 839 2836 non
867 2777 991 2836 tantum
1014 2779 1145 2837 tenetur
1166 2773 1194 2836 is
1218 2771 1272 2850 qni
1303 2790 1362 2850 per
1385 2789 1419 2834 se

232 2859 383 2922 damnum
408 2858 472 2937 dat,
494 2877 603 2922 verum
627 2860 724 2924 etiam
749 2861 876 2939 quilla,
901 2878 1035 2939 quorum
1058 2880 1175 2940 parere
1203 2863 1253 2924 est
1276 2877 1419 2936 necesse,

234 2944 374 3018 mandat,
391 2964 486 3010 eosve
503 2946 643 3025 adjurat,
667 2953 700 3010 et
715 2949 915 3012 occasionem
932 2949 1172 3026 quibuscunque
1189 2947 1290 3012 modis
1306 2947 1421 3010 damno

139 3028 145 3034 “
232 3038 387 3112 praestat.
413 3035 496 3098 Hinc
518 3033 573 3099 illa
603 3036 661 3100 sub
687 3035 782 3099 litera
804 3035 844 3100 lc.
871 3036 925 3100 21.
948 3035 1046 3100 Diei.⁵
1060 3036 1090 3100 2.
1116 3036 1164 3101 3.:
1192 3033 1302 3114 ,Nora
1325 3039 1422 3114 caput

233 3113 406 3198 sequitur÷“
442 3121 484 3185 Et
504 3123 589 3200 ,Qui
612 3142 671 3203 per
694 3122 790 3187 alium
813 3123 900 3202 lacit,
932 3124 1066 3204 perinde
1097 3129 1156 3204 est,
1188 3141 1227 3187 ac
1251 3122 1277 3186 si
1300 3121 1422 3186 laceret

233 3228 291 3288 per
310 3227 355 3282 ¹se
386 3199 519 3288 ipsunt
557 3211 601 3273 Et
626 3211 705 3290 „Qui
744 3212 944 3277 occasionem
974 3217 1132 3290 praestat,
1167 3213 1236 3292 ipse
1271 3209 1420 3274 damnum

234 3296 361 3360 dedisse
386 3287 542 3362 videtur.“

334 3384 394 3461 Qui
410 3386 450 3449 ad
464 3385 587 3464 jussum
605 3387 747 3466 alterius
761 3388 812 3452 cui
826 3405 941 3468 parere
959 3405 1020 3452 non
1037 3391 1177 3464 tenetur,
1194 3386 1343 3450 damnum
1357 3385 1422 3460 dat,

234 3474 261 3536 is
285 3473 372 3551 Lege
395 3473 523 3552 Aquilia
545 3475 680 3554 perinde
702 3475 915 3540 demandans
939 3475 1100 3555 obligatur
1119 3465 1179 3552 (It.
1201 3473 1253 3538 21.
1271 3473 1357 3536 Diei.
1371 3463 1421 3552 4.)

336 3559 369 3623 Si
392 3580 472 3640 pons
495 3562 664 3642 frangatur
694 3583 734 3626 ex
757 3581 853 3626 onere
883 3582 1002 3642 rerum,
1034 3567 1143 3627 vector
1171 3561 1248 3626 facit
1272 3562 1421 3625 damnum

235 3649 266 3712 in
293 3666 388 3712 curru
412 3655 446 3713 ct
469 3651 569 3728 equis,
594 3651 739 3714 domiuus
756 3669 831 3715 vero
848 3649 880 3714 in
896 3652 993 3716 rebus
1009 3651 1109 3714 vectis
1125 3639 1185 3729 (a.
1198 3649 1251 3713 23.
1269 3648 1355 3712 Diat.
1372 3637 1420 3726 1.)

236 3734 397 3816 Similiter,
423 3738 448 3800 si
465 3737 571 3800 vinum
588 3738 723 3802 vehatur
740 3745 773 3802 et
789 3739 905 3802 dolium
922 3739 962 3803 ob
979 3743 1171 3802 vetustatem
1188 3741 1411 3816 corrumpatur

233 3824 383 3887 damnum
407 3825 470 3888 erit
492 3824 610 3889 domini
632 3825 717 3890 illius
733 3826 806 3905 vini,
830 3831 864 3890 ct
886 3844 948 3890 non
966 3827 1101 3891 vectoris
1117 3816 1176 3903 (It.
1195 3823 1246 3889 23.
1265 3823 1353 3887 Dici.
1371 3823 1398 3885 1.
1402 3785 1421 3900 i

334 3911 367 3975 Si
392 3912 468 3977 civis
491 3915 593 3978 civem
617 3913 686 3978 sine
709 3915 804 3993 culpa
819 3933 879 3993 per
903 3913 1050 3991 injuriam
1074 3915 1106 3978 iu
1122 3911 1249 3977 vincula
1264 3911 1420 3990 conjiciat,

232 4000 390 4065 resarciet
413 4001 571 4066 vinculato
595 4000 756 4080 damnum,
787 4004 828 4066 ad
852 4001 935 4080 quod
960 4001 1126 4067 occasione
1156 3999 1241 4064 illius
1264 3997 1420 4078 pervenit,

234 4093 268 4151 et
290 4087 424 4152 totidem
447 4089 516 4152 dies
540 4089 677 4154 vicissim
701 4088 897 4155 detinebitur
919 4089 951 4153 in
967 4107 1115 4166 carcere;
1140 4088 1201 4152 nisi
1222 4086 1305 4151 forte
1330 4101 1421 4149 secus

234 4176 322 4238 inter
343 4175 415 4240 illos
437 4176 536 4240 luerit
559 4182 747 4241 conventum
760 4167 814 4252 (S.
830 4177 860 4242 8.
887 4176 973 4242 Diat.
993 4179 1020 4241 1.
1022 4168 1053 4256 ).
1078 4175 1250 4239 Extraneis
1273 4179 1305 4236 et
1328 4190 1421 4252 pere-

237 4261 338 4341 grinis
361 4263 475 4334 saltem
499 4264 649 4328 damnum
672 4271 858 4345 praestatur
882 4256 935 4344 (S.
959 4265 988 4331 8.
1015 4262 1101 4328 Diat.
1127 4253 1180 4342 2.)

332 4350 382 4414 Ad
399 4352 518 4430 Legem
532 4353 690 4431 Aquiliam
714 4359 748 4416 et
769 4352 898 4430 familia,
922 4351 982 4417 hoc
1005 4358 1056 4418 est
1077 4350 1187 4416 famuli
1209 4347 1424 4426 famulaeque,

234 4439 418 4526 pertinent..
444 4439 477 4504 Si
501 4458 612 4505 servus
646 4439 696 4506 vel
719 4458 814 4505 serva
845 4440 941 4506 alicui
962 4459 1020 4526 pro
1052 4438 1207 4512 servitiis
1226 4437 1268 4504 ad
1299 4440 1423 4513 certum
