3196 5010
543 448 550 454 “
587 451 641 507 Tit.
660 451 734 506 XVI.
754 458 781 505 et
798 451 885 507 XVII.
1294 458 1330 524 31

456 579 588 647 impubes,
606 569 638 630 ut
655 579 791 632 masculus
812 583 845 636 l8
864 585 891 633 et
910 579 1025 635 foemina
1141 584 1211 636 servi
1249 641 1252 648 ,

492 649 526 708 ’15
545 651 623 703 arinis
643 651 741 706 minor.
1140 653 1219 708 liberi

457 722 553 774 mentis
572 722 660 788 inops.
1139 742 1193 779 non
1209 725 1323 779 emanci-

457 791 552 845 mulier
570 793 598 845 in
617 793 794 847 testamentis
1176 798 1233 863 pati

459 863 556 932 quibus
576 865 728 931 producens
748 865 882 932 imperare
901 870 1000 932 potest,
1019 870 1049 917 ut
1139 870 1268 936 conjuges

1142 941 1250 994 subditi.

222 1009 323 1063 Testes
1142 1013 1197 1078 ibe
1216 1013 1258 1066 his
1277 1011 1337 1064 vide

142 1094 271 1136 essenon
284 1085 401 1150 possunt
460 1077 566 1132 infamis
1178 1083 1208 1138 B.
1241 1089 1272 1140 61
1312 1085 1339 1136 in

695 1151 839 1204 amicitiam
1172 1155 1339 1224 Jurerga

697 1223 862 1276 inimicitiam

698 1296 880 1362 captationem

733 1367 800 1420 lucri

697 1439 853 1492 societatem

734 1511 860 1562 criminis.

462 1259 579 1326 suspecti
595 1266 643 1312 aut

498 1337 609 1399 propter

426 1803 488 1874 De
508 1801 715 1899 probatione
734 1827 802 1897 per
826 1801 1072 1874 instrumienta.

607 1986 766 2048 Titulus
790 1986 893 2050 XVII.
920 1982 924 1989 ’

254 2139 377 2217 Quarta
393 2141 592 2221 probationis
616 2141 739 2220 species
756 2146 815 2220 est,
841 2159 923 2220 quae
947 2143 1084 2206 sumitur
1108 2163 1147 2207 ex
1163 2146 1344 2209 conventio-

153 2228 249 2301 nibus
274 2230 412 2308 scriptis,
437 2247 476 2292 ex
505 2228 695 2293 testimoniis
726 2227 775 2292 vel
803 2229 873 2292 aliis
897 2230 1075 2310 scripturis,
1108 2249 1191 2310 quae
1215 2232 1346 2313 proprie

155 2316 374 2382 instrumenta
404 2324 566 2381 vocantur.
597 2317 666 2380 Hoc
693 2316 819 2380 nomine
850 2335 889 2380 ea
919 2319 1023 2381 omnia
1054 2327 1128 2382 sunt
1151 2321 1348 2399 accipienda,

157 2405 275 2482 quibus
310 2423 407 2469 causa
440 2405 556 2469 instrui
590 2410 715 2485 potest,
757 2409 791 2468 et
824 2405 895 2469 ideo
932 2408 997 2470 tam
1037 2407 1220 2470 testimonia
1256 2427 1349 2487 quani

158 2510 318 2571 personae
342 2493 625 2557 instrumentorum
648 2491 718 2556 loco
742 2493 911 2558 habentur.

261 2625 477 2692 Instrumenta
512 2633 586 2690 sunt
619 2625 767 2706 duplicia,
805 2627 934 2706 publica
968 2633 1001 2690 et
1039 2629 1184 2707 privata:
1220 2629 1352 2692 Publica

163 2713 323 2792 dicuutur,
348 2717 463 2793 quibus
486 2716 526 2778 de
547 2715 620 2794 jure
637 2714 685 2779 vel
710 2715 939 2779 consuetudine
954 2715 1049 2794 plena
1063 2715 1143 2779 fides
1158 2722 1353 2796 praestatur,

164 2809 199 2866 ut
214 2804 331 2884 primo,
356 2805 384 2867 si
407 2810 481 2868 sunt
504 2804 624 2884 scripta
645 2821 739 2865 manu
764 2804 890 2882 notarii,
908 2804 957 2867 vel
981 2804 1012 2866 in
1032 2804 1164 2883 judicio,
1190 2804 1240 2868 vel
1263 2809 1355 2867 extra

162 2889 332 2970 judicium;
366 2893 515 2971 secundo,
553 2893 581 2954 si
604 2891 765 2970 scriptura
795 2891 898 2972 sigillo
928 2892 1054 2971 publico
1085 2893 1291 2970 magistratus
1315 2892 1356 2954 sit

164 2979 324 3058 sigillata3
361 2981 467 3059 tertio,
503 2981 529 3043 si
557 2980 802 3042 instrumentum
830 2980 947 3058 ‚iudicis
976 2980 1150 3044 autoritate
1179 2989 1230 3044 est
1251 2978 1354 3059 publi·

164 3074 290 3144 catum;
324 3073 450 3148 quarto,
481 3067 508 3131 si
537 3068 698 3146 scriptura
733 3067 831 3131 habet
861 3067 1029 3132 scribentis
1060 3073 1093 3130 et
1121 3069 1250 3132 testium
1281 3067 1354 3131 sub-

168 3155 390 3235 scriptionem;
427 3156 545 3235 quinto,
582 3154 708 3234 quando
744 3155 905 3235 scriptura
939 3155 1119 3218 extrahitur
1153 3155 1192 3219 de
1229 3154 1357 3219 archivo

166 3243 306 3324 publico,
330 3244 415 3322 quod
444 3245 476 3306 in
500 3243 657 3307 communi
680 3260 739 3305 usu
763 3243 944 3322 appellatur
962 3242 1160 3308 Cancellarla
1185 3244 1358 3307 communis

168 3337 224 3395 aut
246 3332 436 3397 Rationaria
460 3331 642 3395 communis.

267 3463 397 3528 Privata
420 3464 569 3527 dicuntur
591 3462 665 3526 illae
689 3463 876 3542 scripturae,
908 3481 987 3543 quas
1011 3481 1093 3528 unus
1116 3463 1251 3542 quisque
1282 3482 1301 3525 a
1325 3483 1358 3528 se

168 3551 238 3631 ipso
263 3553 383 3630 scribit,
409 3551 543 3616 ethaeo
573 3553 605 3614 in
625 3550 699 3630 jnre
730 3550 933 3630 appellantur
965 3557 1020 3614 aut
1050 3551 1274 3631 chirographa,
1305 3551 1383 3615 aut

169 3638 283 3703 literae
307 3641 372 3704 sive
396 3640 562 3720 epistolae,
587 3639 626 3702 de
651 3639 766 3717 quibus
789 3657 848 3719 pei·
872 3639 1013 3703 tabulam
1038 3639 1226 3719 subjectam.

271 3814 360 3866 Causa
380 3811 499 3866 efficiens
518 3813 588 3865 hanc
608 3813 795 3879 probationem
815 3819 856 3865 est
875 3828 938 3879 pars
959 3813 1040 3866 edens
1060 3813 1246 3867 instrumenta.

271 3899 425 3966 Snbjectum
445 3905 508 3952 sunt
526 3899 726 3966 conventiones,
751 3904 831 3964 pacta
850 3897 892 3950 vel
911 3897 1098 3966 obligationes
1124 3913 1192 3965 quae
1217 3898 1243 3949 in
1263 3898 1362 3950 instru-

171 3972 267 4024 mentis
286 3971 465 4032 continen'tur.
514 4011 516 4023 .

273 4056 412 4123 Objectum
426 4065 489 4110 sunt
502 4057 659 4126 negationes
673 4054 768 4122 partie,
779 4059 873 4106 contra
884 4069 962 4121 quam
977 4053 1164 4121 producuntur
1177 4055 1363 4110 instrumenta.

271 4143 371 4197 Forma
391 4149 432 4197 est
450 4146 580 4212 cujusque
605 4140 656 4195 fori
675 4137 851 4205 consuetudo,
877 4153 945 4205 qnae
965 4140 992 4190 in
1010 4137 1101 4191 fienda
1126 4139 1178 4191 hac
1203 4139 1364 4205 probatione

173 4219 304 4270 servatur.

271 4300 348 4354 Finis
368 4305 416 4368 est,
435 4306 465 4352 ut
484 4317 533 4367 per
551 4301 621 4354 hanc
641 4301 829 4367 probationem
848 4299 975 4364 negativa
994 4300 1079 4365 partis
1094 4299 1224 4352 adversae
1246 4300 1365 4353 diluatur

174 4377 200 4424 et
213 4371 298 4438 judex
317 4377 348 4424 ut
366 4373 506 4424 veritatem
525 4387 624 4426 causae
643 4374 784 4439 percipiat.
