3196 5010
637 466 670 520 V.
690 464 858 535 Ophthalmii
875 465 1030 521 Processus.

497 636 610 705 rabula.
629 637 783 695 memnoni
800 636 1045 694 instrumentorum
1063 596 1172 707 muers.

698 781 937 834 instrumentorum
1069 782 1200 849 originale
1239 798 1285 835 seu
1329 785 1461 852 matrix,

522 853 639 921 publiea,
700 889 875 943 donationum
1105 854 1167 907 inde
1211 856 1306 920 copiae
1363 855 1458 908 desu-

497 941 566 992 quae
585 926 664 978 iidem
1106 932 1223 980 muntur.

514 997 648 1063 publicam
700 997 887 1050 mandatorum
979 1032 997 1085 h
1070 998 1149 1064 copia
1179 1013 1226 1050 seu
1260 1005 1458 1065 transsump-

463 1135 467 1141 ,
507 1074 652 1135 merentur,
720 1104 794 1158 ΜΘ
815 1105 899 1158 iorum
999 1049 1032 1086 ¹¹⁰
1105 1076 1161 1123 turn
1181 1084 1229 1122 seu
1250 1071 1399 1124 vidimus.

524 1147 554 1192 ut
572 1147 636 1192 111111
700 1121 717 1170 p
796 1122 814 1173 g
1070 1140 1250 1207 protocollum
1296 1159 1352 1196 seu
1401 1143 1457 1195 im·

527 1212 637 1264 tabulae
676 1173 827 1276 iactomm
842 1211 941 1279 judici·
1106 1213 1261 1267 breviatura
1277 1215 1401 1282 notarii,
1422 1215 1455 1266 in

676 1279 687 1350 l
736 1284 818 1336 alium
1106 1285 1454 1352 quaactanotarisolent.

258 1535 441 1587 Instrumenta
746 1511 814 1564 ‘luae
842 1496 942 1549 dantur
970 1496 1137 1550 debitoribus

285 1613 348 1659 gunt
367 1612 414 1658 aut
746 1568 780 1620 de
798 1568 915 1634 receptis
935 1569 1053 1622 creditis.

710 1638 872 1705 antipochae
907 1654 954 1690 seu
983 1640 1138 1708 cheirogra·

746 1710 810 1777 pha,
836 1711 933 1777 quibus
953 1711 1089 1766 debitores
1109 1728 1138 1765 se
1181 1714 1254 1766 llaec
1266 1715 1288 1767 si
1302 1721 1370 1768 sunt
1385 1731 1451 1767 ma-

506 1801 575 1852 quae
595 1784 652 1835 sola
746 1781 867 1847 obligant
878 1781 1066 1852 creditoribrm,
1076 1801 1138 1838 cou-
1187 1803 1221 1838 nu
1239 1787 1440 1840 contrahentis

500 1855 660 1908 contrahen-
680 1785 692 1956 i
747 1852 846 1905 fitendo
866 1869 895 1905 se
914 1853 968 1906 illis
988 1854 1093 1909 debere.
1199 1858 1310 1925 scripta,
1332 1859 1426 1925 plene

492 1927 557 1978 tium
577 1926 669 1980 volun·
710 1924 816 1977 codices
844 1926 987 1993 rationum,
1020 1942 1067 1978 seu
1099 1943 1138 1979 re·
1180 1929 1314 1996 probant3
1332 1931 1356 1982 si
1372 1945 1448 1996 non,

498 2005 552 2050 tate
572 1999 660 2050 11111111-
746 2001 823 2062 gesta
868 2003 1046 2050 mercatorum
1092 2013 1139 2050 seu
1208 2000 1304 2052 saltem
1324 2017 1412 2067 prae-

528 2077 579 2136 tur,
599 2076 630 2121 ut
746 2067 881 2135 opificum,
901 2068 927 2119 in
945 2069 1042 2135 quibus
1056 2085 1139 2137 quan·
1248 2078 1366 2125 suumnt.

745 2139 809 2191 titas
853 2139 1005 2192 mercedum
1047 2139 1140 2193 referri

746 2209 816 2263 solet

711 2282 851 2349 epistolae,
875 2297 944 2348 quae
970 2283 1068 2335 absens
1095 2283 1140 2336 ab·

746 2354 816 2406 senti
834 2354 922 2405 mittit.

710 1425 833 1492 apochae
879 1440 927 1477 seu
964 1425 1138 1494 quietantiae,

526 1713 639 1778 privata,
685 1425 696 1780 i

531 2669 534 2684 ·
625 2713 638 2730 .
682 2624 745 2695 De
768 2623 992 2698 testamentis.

687 2810 848 2874 Titulus
871 2811 992 2876 XVlll.

342 2963 424 3041 Quia
446 2962 646 3042 frequentior
669 2966 719 3025 111
739 2980 814 3025 usus
838 2965 1103 3025 testamentorum
1128 2966 1294 3027 eteorum
1318 2963 1441 3046 instru-

243 3057 352 3116 menta
368 3053 512 3116 crebrius
536 3051 622 3129 apud
646 3068 703 3114 nos
723 3048 920 3128 judicialiter
937 3054 1175 3130 oppugnantur:
1200 3052 1310 3130 itaque
1333 3069 1441 3131 pauca

244 3143 284 3205 de
308 3141 347 3204 iis
371 3145 522 3219 tanquam
548 3156 607 3218 per
630 3138 860 3217 digressionem
884 3136 936 3200 hic
960 3138 1192 3202 annectendum
1216 3140 1336 3203 censui.

342 3249 583 3313 Testamentum
608 3248 685 3312 nihil
701 3249 787 3312 aliud
811 3252 987 3327 1111111111
1012 3246 1184 3312 voluntatis
1200 3254 1331 3312 nostrae
1351 3249 1440 3329 justa

243 3339 404 3404 sententia
420 3339 460 3401 de
484 3356 532 3417 eo,
557 3337 632 3416 quid
657 3338 727 3414 quis
750 3341 974 3416 postmortem
998 3354 1086 3399 suam
1110 3335 1182 3400 lieri
1199 3337 1285 3402 velit.
1311 3337 1439 3401 Dictum

244 3428 337 3506 quasi
360 3425 491 3490 testatio
516 3425 640 3489 mentis.
665 3414 687 3504 (
684 3427 727 3488 D.
753 3424 805 3486 42.
832 3423 918 3488 Diri.
946 3425 963 3486 1
991 3431 1018 3486 et
1040 3414 1091 3502 2.)

303 3561 305 3566 ·
340 3535 482 3613 Quilibet
509 3553 571 3598 non
595 3532 775 3613 prohibitus
805 3550 863 3611 pro
888 3550 947 3595 sua
970 3531 1134 3597 voluntate
1166 3539 1274 3614 potest
1297 3533 1439 3598 condere

244 3630 480 3689 testamentum.
516 3622 560 3685 Et
583 3621 764 3700 imperator
786 3620 905 3698 inquit:
938 3620 1065 3699 Siquis
1094 3620 1167 3685 dolo
1199 3623 1283 3687 malo
1314 3621 1437 3702 fecerit,

243 3718 280 3777 ut
302 3717 404 3776 testes
429 3731 491 3776 non
516 3710 656 3788 veniant,
680 3713 713 3772 et
737 3726 796 3788 per
811 3707 872 3772 hoe
897 3707 1076 3772 delfioiatur
1100 3707 1235 3774 facultas
1251 3713 1439 3774 testamenti

240 3799 395 3878 laeieudi,
420 3798 632 3876 denegandae
656 3803 729 3860 sunt
752 3797 782 3860 11
805 3797 956 3877 actiones,
982 3796 1035 3875 qui
1059 3797 1130 3860 dolo
1154 3796 1242 3877 fecit,
1268 3800 1333 3861 sive
1356 3796 1436 3881 legi-

243 3891 339 3953 timus
372 3887 467 3951 heres
491 3889 541 3966 sit,
576 3886 642 3949 sive
664 3885 773 3965 priore
805 3889 997 3948 testamento
1013 3884 1162 3964 scriptus.
1187 3885 1312 3950 Fratris
1329 3890 1435 3948 autem

243 3976 365 4040 lactum
381 3975 475 4039 fratri
490 3992 552 4038 non
577 3979 681 4038 nocet.
707 3973 748 4036 Et
764 3972 855 4037 alibi:
880 3972 958 4052 Eos,
975 3973 1027 4051 qui
1052 3991 1091 4036 ne
1107 3976 1334 4037 testamentum
1350 3973 1435 4036 ordi-

242 4070 349 4143 netur,
373 4063 602 4143 impedimento
625 4060 723 4125 fuisse
749 4066 977 4140 monstrantur,
1001 4060 1090 4123 velut
1111 4059 1259 4140 indignas
1282 4078 1437 4141 personas

244 4171 264 4216 a
287 4152 500 4216 successionis
523 4150 709 4230 compendio
732 4149 901 4227 removeri,
926 4148 1128 4212 celeberrimi
1150 4157 1201 4212 111
1218 4149 1311 4229 juris

340 4261 462 4340 Estque
493 4260 626 4341 duplex:
663 4259 799 4323 Solenne
828 4276 885 4322 seu
908 4259 1060 4340 scriptum
1085 4247 1148 4339 (D.
1182 4257 1236 4324 43.
1262 4259 1349 4323 Diei.
1372 4250 1435 4340 2.),

243 4353 277 4415 11
303 4348 554 4428 nuncupativum
570 4338 592 4427 (
590 4351 631 4412 D.
648 4335 731 4427 45),
756 4351 851 4426 prout
866 4345 977 4411 videre
1002 4353 1051 4410 111
1072 4366 1112 4411 en
1135 4353 1289 4426 sequente
1319 4347 1437 4411 tabula.
