3260 5018
222 441 287 510 248
750 435 876 493 strennui

255 629 258 632 -
283 593 285 597 ·
323 581 365 647 ΙΙ.
389 581 431 645 At
453 579 528 662 quia
551 580 655 645 ardua
678 579 769 660 haec,
795 597 878 658 quae
902 581 1096 660 vocavimus,
1122 579 1261 660 negotia,
1287 579 1331 644 ita
1348 582 1422 642 suut

224 673 420 752 comparata,
451 673 488 732 ut
510 686 594 733 nunc
617 668 763 734 Coronae
795 686 912 750 corpus
938 670 1121 734 universum
1145 671 1304 748 spectent,
1335 685 1419 730 nunc

224 757 403 842 provincias
426 756 495 838 ejus
515 757 662 836 ¹corporis
686 756 826 838 singulas
849 757 1020 838 attingant,
1045 761 1218 838 eapropter
1233 755 1274 819 ad
1291 754 1420 818 comitia

224 865 308 913 nuuc
341 846 557 912 membrorum
593 845 737 910 Coronae
767 845 930 911 unitorum
962 845 1157 910 universitas
1188 843 1301 922 omnis,
1335 860 1420 906 nunc

224 934 348 1016 Bojemi
371 935 439 1012 soli,
473 933 639 997 convocari
662 934 860 997 commodum
883 935 916 998 in
939 933 1043 1000 locum
1066 938 1098 998 et
1122 933 1163 996 ad
1187 931 1271 994 diem
1295 935 1419 994 certum

224 1023 351 1105 publico
380 1022 480 1101 Regis
508 1025 751 1100 programmate
781 1022 895 1101 solent,
928 1021 1071 1088 clausula
1100 1021 1160 1085 hac
1190 1019 1420 1100 programmati

222 1108 292 1178 iere
315 1109 455 1191 adjecta,
488 1107 581 1187 quod,
616 1109 681 1174 sive
706 1110 776 1188 quis
799 1111 909 1175 reniet
932 1110 999 1177 sive
1023 1127 1085 1174 non
1107 1109 1227 1186 veniat,
1255 1107 1325 1170 Rex
1348 1120 1419 1170 oum

221 1201 260 1266 iis
290 1199 346 1280 qui
379 1197 484 1262 vocati
516 1196 742 1261 deliberationi
776 1197 994 1278 interfuerint,
1030 1197 1113 1276 quod
1150 1213 1287 1274 aequum
1318 1200 1352 1258 et
1381 1212 1420 1258 ex

223 1285 421 1369 reipublicae
434 1302 494 1350 usu
507 1283 649 1348 futurum
662 1284 834 1364 videbitur,
857 1287 898 1351 sit
911 1288 1109 1364 decreturus,
1129 1289 1164 1350 et
1173 1285 1201 1348 is
1213 1281 1417 1347 nihilominus

224 1377 278 1456 qui
293 1391 483 1456 comparere
491 1371 687 1452 neglexerit,
704 1373 836 1438 decreto
853 1375 1079 1456 obtemperare
1095 1389 1226 1439 necesse
1240 1369 1420 1434 habiturus

223 1466 273 1530 De
295 1461 546 1544 provincialibus
558 1459 772 1540 Moravorum,
798 1461 981 1541 Silesorum,
1007 1462 1263 1540 Lusatorumque
1283 1458 1422 1524 comitiis

222 1552 317 1633 loqui,
349 1550 408 1614 hoc
440 1549 508 1613 loco
538 1565 602 1612 uon
634 1552 684 1612 est
705 1549 804 1613 locus.
838 1551 889 1614 Ad
912 1550 1075 1632 Bojemica
1109 1565 1186 1614 vero
1216 1546 1354 1625 comitia,
1392 1548 1420 1612 si

203 1637 419 1704 'universalia
456 1637 531 1714 sint,
573 1637 699 1700 excitae
737 1637 921 1717 provinciae
962 1655 1176 1719 concorpores
1215 1652 1324 1700 omues
1359 1652 1420 1714 per

222 1729 346 1809 legatos
376 1727 482 1791 solent
512 1741 709 1804 comparere,
746 1730 779 1789 et
809 1729 894 1806 apud
925 1724 1065 1807 majores
1096 1727 1214 1791 usitato
1244 1740 1343 1802 more,
1369 1723 1419 1787 ⁴de

222 1813 440 1882 communibus
474 1813 619 1877 Coronae
662 1811 759 1876 totius
793 1817 946 1894 negotiis,
991 1815 1098 1894 capita
1139 1831 1210 1877 cum
1244 1809 1419 1876 Ordinibus

223 1902 375 1984 Bojemis
391 1901 447 1967 alii
461 1905 536 1981 post
550 1898 629 1964 ahos
645 1901 678 1963 iu
693 1902 860 1966 concilium
876 1901 1051 1968 honorifice
1068 1901 1163 1966 acciti
1176 1907 1210 1965 et
1224 1900 1419 1964 seutentiam

224 1991 341 2072 rogati,
365 1989 513 2054 conterre
538 2005 576 2051 ac
599 1987 793 2067 consentire3
819 1991 867 2055 siu
889 1989 1111 2073 particularia,
1135 1986 1257 2068 Bojemi
1281 1987 1418 2052 Ordines

222 2079 280 2144 5511
309 2095 379 2144 rem
409 2094 534 2142 omnem
565 2077 726 2142 arbitratu
760 2096 816 2142 suo
851 2081 1017 2162 expedire.
1052 2076 1211 2158 Cogendis
1247 2093 1344 2156 porro
1379 2076 1419 2139 iis

220 2166 341 2232 nullum
364 2165 454 2246 leges
476 2163 578 2230 locum
602 2168 726 2228 certum
750 2163 914 2235 definiunt.
944 2165 1103 2246 Principis
1134 2164 1269 2232 arbitrio
1291 2163 1329 2242 is,
1358 2181 1417 2242 pro

219 2259 366 2333 555515,
397 2270 481 2318 nunc
511 2253 572 2332 hic,
604 2250 783 2328 55551115;
815 2273 899 2320 nunc
927 2255 1013 2320 intra
1036 2251 1126 2331 fines,
1158 2270 1241 2317 nunc
1264 2251 1306 2315 ad
1338 2250 1418 2314 fines

219 2343 328 2424 regni3
353 2340 524 2422 aliquando
547 2342 642 2406 etiam
667 2341 727 2405 sub
751 2341 814 2422 dio,
838 2341 871 2406 in
895 2360 1007 2424 campo
1030 2342 1155 2422 patenti
1172 2341 1279 2420 delegi
1297 2344 1416 2419 potest.

214 2430 347 2510 ¹Pragae
369 2435 487 2509 tamem
512 2433 663 2509 tanquam
687 2429 719 2492 in
743 2433 920 2512 metropoli,
946 2450 1018 2496 eum
1042 2435 1078 2494 ut
1100 2430 1272 2512 plurimum
1292 2426 1418 2492 conditi

220 2517 351 2600 placuit,
377 2516 411 2582 id
434 2517 519 2597 quod
543 2518 622 2582 situs
651 2518 721 2597 ipsa
745 2519 953 2585 commoditas
982 2536 1157 2597 rerumque
1181 2517 1274 2597 copia
1303 2515 1412 2580 suasit.

220 2607 365 2672 Diversis
381 2624 400 2672 a
416 2605 522 2685 Praga
538 2605 617 2670 locis
633 2610 720 2670 actos
737 2606 845 2686 populi
867 2610 1041 2674 conventus
1058 2605 1255 2671 celebriores
1269 2604 1415 2682 legimus,

219 2695 317 2774 idque
340 2693 428 2758 intra
443 2693 535 2773 regni
551 2691 645 2756 fines:
670 2695 711 2758 ad
730 2694 882 2759 Sadscam
905 2714 1022 2777 pagum
1046 2695 1104 2759 sub
1129 2694 1181 2758 dio
1205 2690 1415 2757 anadislao

219 2785 308 2847 Duce
331 2769 422 2864 (ona.
449 2771 566 2862 1111)),
599 2780 721 2846 Cutnae
746 2801 765 2847 a
788 2782 965 2848 Wladislao
988 2781 1030 2847 ΙΙ.
1056 2770 1149 2861 (555.
1174 2780 1270 2860 1477,
1295 2767 1412 2858 1485),

219 2870 322 2935 Colini
356 2887 413 2934 seu
444 2868 575 2934 Colinae
610 2889 628 2934 a
658 2869 820 2936 Ludovico
855 2859 947 2951 (ooo.
985 2859 1100 2951 1525),
1135 2867 1361 2947 Budiejoviciis
1395 2886 1414 2931 a

218 2957 422 3024 Fordiuando
446 2956 471 3021 Ι.
495 2949 588 3032 (555.
614 2947 720 3038 1529)
753 2963 786 3022 et
813 2978 832 3022 a
857 2958 995 3024 Matthia
1017 2947 1110 3035 (ooo.
1135 2947 1241 3038 1614)
1264 2955 1409 3034 regibus3

216 3045 357 3111 Zwilrovi
379 3050 555 3124 praeterea
577 3036 669 3114 (ano.
695 3035 809 3126 1318),
835 3047 981 3128 Reginae
1005 3045 1160 3116 Hradecii
1184 3032 1412 3127 (5551391),

217 3133 402 3198 Czaslaviae
432 3121 525 3213 (oon.
558 3127 672 3210 1421),
706 3134 834 3198 Μ515151
864 3124 957 3214 (555.
991 3123 1106 3213 1438),
1138 3131 1414 3213 Bojemo-Brodee

216 3211 309 3302 (ooo.
327 3209 443 3301 1444),
467 3220 590 3286 Cutnao
613 3211 706 3300 (corr.
724 3213 841 3302 1471),
867 3223 907 3288 51)
925 3222 1157 3304 Optimatibus3
1183 3241 1202 3284 5
1222 3219 1415 3300 primoribus

217 3311 354 3389 denique
383 3309 432 3388 115,
469 3309 520 3388 qui
548 3312 606 3374 sub
632 3309 658 3372 V
660 3327 701 3374 na
726 3309 875 3374 dicuntur
897 3299 918 3392 (
916 3333 988 3376 555.
1015 3311 1102 3376 1465
1102 3301 1133 3390 ),
1164 3308 1269 3373 Viridi
1294 3307 1414 3384 Monte,

216 3403 249 3463 et
274 3399 315 3462 ab
339 3397 379 3462 iia
403 3398 457 3476 qui
480 3399 538 3463 sub
562 3397 709 3477 Utraque
735 3405 887 3464 vocantur
910 3387 1001 3478 (ooo.
1028 3389 1133 3482 1483)
1157 3395 1345 3476 Nymburgi.
1373 3395 1416 3459 At

216 3504 294 3552 vero
311 3489 425 3550 coacta
441 3485 482 3550 ad
497 3486 591 3564 regni
607 3484 687 3549 fines
705 3485 835 3550 comitia
850 3486 1024 3566 accipimus
1039 3484 1156 3552 luisse:
1181 3483 1265 3564 apud
1280 3484 1414 3547 Lootum

214 3593 272 3638 555
296 3572 446 3638 Cubitum
469 3561 564 3653 (ooo.
589 3569 694 3654 1318)
727 3593 747 3638 a
770 3573 918 3638 Johanne
942 3575 1049 3654 Rege
1082 3573 1166 3656 apud
1191 3571 1333 3636 Chobum
1357 3587 1415 3635 seu

219 3663 360 3743 Oegram
389 3651 481 3741 (555.
508 3650 612 3742 1461)
637 3681 656 3725 5
679 3661 838 3742 Georgio,
872 3663 955 3742 apud
984 3661 1157 3727 Gladscum
1192 3649 1282 3735 (oon.
1310 3651 1416 3739 1512)

215 3770 234 3815 5
267 3749 444 3814 Wladislao
473 3747 516 3813 ΙΙ.
548 3749 615 3813 Hos
648 3750 831 3828 caeteroqui
864 3750 905 3814 ad
941 3754 1127 3831 conventus,
1162 3748 1217 3813 ubi
1250 3746 1305 3810 ubi
1339 3746 1415 3825 sint,

215 3855 326 3904 omnes
350 3837 478 3916 quidem
502 3839 683 3917 promiscue
706 3838 778 3901 Rex
795 3836 877 3902 solet
900 3856 1047 3917 evocare,
1072 3838 1128 3903 sed
1145 3854 1208 3902 non
1226 3833 1415 3914 comparent

212 3926 283 3992 fere
306 3924 368 3990 nisi
390 3927 443 4004 qui
466 3929 541 3990 sunt
562 3925 747 4006 locupletes.
773 3925 914 3992 Poscere
939 3926 1089 3990 videlicet
1113 3925 1240 3991 videtur
1256 3922 1412 4001 aequitas,

213 4019 247 4079 ut
260 4015 314 4093 qui
325 4013 395 4094 plus
410 4014 584 4094 possident,
611 4015 728 4093 quique
746 4014 818 4093 plus
834 4014 866 4077 in
883 4032 959 4078 usus
975 4031 1155 4080 communes
1169 4017 1201 4076 et
1212 4009 1411 4089 reipublicae

211 4101 354 4168 subsidia
372 4100 549 4181 conferunt,
573 4100 644 4182 plus
661 4101 731 4166 aliis
751 4119 878 4181 quoque
901 4101 934 4164 iu
951 4102 1122 4166 statuendo
1140 4101 1180 4164 de
1196 4117 1232 4165 re
1253 4100 1411 4162 communi

207 4190 342 4272 possint,
356 4190 549 4270 praesertim
562 4207 634 4254 cum
648 4190 768 4254 salvam
783 4207 853 4254 esse
867 4190 1098 4269 rempublicam
1113 4186 1300 4266 eorundem,
1315 4204 1409 4265 quam

208 4278 397 4356 tenuiorum,
428 4279 529 4358 magis
560 4278 700 4343 intersit.
733 4276 794 4356 Qui
826 4294 897 4342 cum
925 4276 1118 4357 'frequentes
1144 4274 1335 4343 conveniunt
1369 4275 1409 4338 ad

207 4367 301 4446 diem,
333 4365 403 4430 Rex
430 4359 506 4444 (nisi
537 4366 622 4445 quod
651 4366 830 4445 siquando
864 4371 959 4431 extra
983 4366 1075 4445 regni
1106 4363 1186 4430 fines
1217 4362 1315 4443 dogit,
1347 4379 1409 4442 per

204 4457 327 4536 legatos
364 4471 434 4519 rem
472 4471 596 4519 omnem
633 4458 742 4535 potest
783 4446 955 4536 expedire)
1003 4471 1073 4518 cum
1112 4457 1225 4519 senatu
1262 4448 1407 4531 Bojemo,
