3188 5008
272 465 315 537 48
668 466 700 520 V.
723 463 892 534 Ophthalmii
910 461 1067 522 Processus.

271 609 329 684 est,
362 609 396 669 ut
420 605 555 686 pupillos
578 606 670 671 benis
702 605 843 669 moribus
866 605 1015 670 instituat
1045 610 1078 668 et
1109 608 1173 672 tam
1199 603 1335 671 salutem
1367 625 1470 686 quarn

270 712 389 774 corpus
412 693 536 757 illerum
562 700 653 758 curet
678 686 696 773 (
698 695 738 758 D.
764 684 839 772 20.)

369 795 510 876 Pupillus
533 796 666 862 educari
691 797 788 860 debet
811 795 896 874 apud
921 802 1066 874 matrem,
1084 795 1113 859 si
1135 796 1270 876 innupta
1294 795 1469 868 manserit:

270 884 297 947 si
315 901 389 947 cero
413 883 559 965 nupserit
581 884 631 948 vel
646 891 773 948 mortua
795 883 901 962 fuerit,
920 885 1006 963 apud
1027 890 1178 961 cognatos
1195 891 1251 948 aut
1267 901 1331 962 eos,
1351 884 1470 962 quibus

270 972 477 1051 magistratus
494 991 565 1036 eam
581 972 775 1052 provinciam
789 973 943 1036 decernit.
967 971 1028 1034 Est
1043 976 1151 1036 autem
1167 972 1367 1051 potissimum
1386 991 1469 1035 cura

269 1059 462 1140 adhibenda,
493 1079 532 1124 ne
556 1060 642 1140 apud
675 1078 730 1125 eos
755 1059 893 1141 pupillus
923 1060 1086 1140 educetur,
1115 1060 1168 1124 ubi
1193 1060 1347 1140 pudicitia
1377 1059 1468 1124 illius

269 1148 444 1229 periclitari
469 1149 578 1228 possit.

367 1250 416 1314 De
439 1250 518 1317 dure
541 1259 651 1317 nostro
675 1252 788 1316 saltem
812 1251 944 1330 legitimi
967 1255 1091 1315 tutores
1114 1250 1281 1327 satisdant‚
1307 1269 1376 1314 rem
1401 1270 1463 1331 pu·

268 1337 414 1418 pillorum
440 1340 560 1404 salsam
584 1343 652 1404 lore
677 1329 739 1420 (D.
765 1341 793 1405 7.
819 1339 904 1404 Diet.
931 1341 960 1402 4.
986 1339 1157 1402 JueProv.
1185 1336 1209 1403 I.
1235 1333 1319 1416 62.)
1346 1339 1462 1402 Testa-

269 1428 420 1490 mentarii
436 1435 469 1491 et
483 1429 581 1491 dativi
597 1446 653 1492 seu
666 1428 811 1492 Attiliani
827 1431 951 1490 tutores
966 1426 1176 1491 satisdatione
1192 1444 1254 1491 non
1275 1432 1463 1504 onerantur,

269 1515 344 1592 quia
367 1513 399 1576 bi
422 1515 527 1580 idonei
549 1516 642 1580 electi
659 1520 733 1580 sunt
762 1521 795 1578 et
818 1513 944 1578 illorum
972 1512 1051 1578 fides
1074 1533 1112 1577 ac
1136 1513 1302 1593 diligentia
1325 1516 1367 1579 ab
1390 1515 1462 1594 ipso

269 1607 425 1667 testatore
457 1606 637 1684 approbata
666 1612 724 1668 est.
754 1602 830 1667 Post
860 1602 1166 1666 arlrniuistrationem
1197 1602 1318 1667 tutelae
1352 1608 1463 1666 tamen

268 1690 308 1753 de
331 1690 457 1754 ratione
481 1691 649 1756 reddenda
674 1698 823 1756 tenentur
848 1681 869 1763 (
868 1693 909 1754 D.
937 1691 987 1754 14.
1013 1692 1055 1753 D.
1083 1679 1156 1768 16.)
1257 1715 1260 1722 ’

367 1795 496 1860 Patriae
519 1791 690 1876 potestatis
721 1801 809 1860 tuter
834 1811 938 1873 neque
971 1793 1012 1855 ad
1036 1792 1257 1858 satisdandum
1291 1812 1394 1873 neque
1420 1793 1461 1857 ad

268 1880 426 1947 rationem
477 1885 673 1948 reddendam
718 1883 894 1962 obligatum
944 1881 1100 1960 siquidem
1140 1879 1208 1958 ejus
1250 1882 1351 1947 tutela
1392 1882 1461 1946 sola

266 1971 370 2048 patris
400 1970 517 2036 fiducia
541 1973 654 2038 nititur
677 1961 699 2048 (
697 1974 738 2036 D.
765 1973 794 2036 9.
820 1971 884 2035 Jue
908 1971 1003 2034 Pron.
1031 1967 1055 2033 I.
1082 1962 1165 2049 612).
1198 1969 1242 2034 Et
1260 1970 1342 2044 ,talis
1372 1963 1463 2035 tutor'

266 2075 338 2122 cum
375 2067 465 2138 patre
499 2060 643 2138 ejusdem
678 2065 727 2124 est
761 2057 932 2141 potestatis
956 2048 1037 2136 (Jue
1057 2057 1154 2122 Prov.
1182 2054 1208 2121 Ι.
1232 2047 1317 2138 61),
1347 2058 1394 2123 ita
1423 2066 1460 2122 ut
1573 2055 1574 2076 ¹

266 2148 460 2213 necessitate
496 2153 632 2228 cogente
668 2155 701 2212 et
735 2147 832 2212 aliurn
867 2151 1004 2211 tutorem
1039 2135 1206 2210 inlocum
1238 2163 1328 2210 suum
1358 2148 1460 2226 possit

271 2235 465 2302 substituere
500 2227 562 2314 (D.
588 2238 617 2300 9.
645 2225 796 2314 Dirae.)
829 2235 1001 2299 Honorarii
1026 2251 1151 2312 quoque
1175 2236 1298 2299 tutores
1322 2254 1341 2298 a
1364 2235 1458 2300 satis-

268 2321 397 2388 datione
421 2328 454 2387 et
476 2322 611 2389 rationis
634 2324 820 2389 reddendae
845 2341 942 2386 onere
967 2326 1169 2386 excusantur.
1281 2333 1283 2337 ’
1395 2333 1399 2338 ·

364 2424 456 2490 Licet
490 2431 630 2489 tutorum
655 2425 812 2490 autoritas
845 2426 887 2488 sit
910 2442 1036 2504 taragna
1071 2429 1179 2488 tamen
1211 2424 1272 2488 illis
1302 2443 1365 2489 non
1402 2433 1453 2490 est

265 2511 397 2589 licitum,
421 2531 475 2578 res
498 2512 692 2593 pupillorum
723 2512 773 2576 vel
796 2511 939 2577 alienare
971 2512 1020 2576 vel
1044 2510 1085 2576 ad
1115 2501 1151 2576 's'e
1175 2512 1363 2593 transferre,
1389 2511 1458 2577 sine

265 2599 396 2664 decreto
417 2601 533 2681 jndicis
549 2591 570 2682 (
569 2602 612 2664 D.
625 2599 676 2666 33.
677 2593 707 2682 ).
735 2601 836 2665 Tutor
860 2601 944 2664 euim
967 2601 999 2664 in
1016 2599 1107 2664 bonis
1123 2600 1234 2682 pupilli
1252 2618 1311 2681 pro
1327 2602 1456 2666 domine

265 2687 412 2770 habetur,
438 2708 534 2768 quum
558 2688 692 2753 tutelam
707 2689 787 2753 bene
805 2689 1017 2766 administrat,
1042 2692 1075 2752 et
1089 2706 1164 2767 non,
1182 2707 1275 2766 quum
1292 2690 1455 2770 pupillum
1572 2763 1573 2778 χ

265 2776 391 2856 spoliat,
415 2777 476 2842 nisi
500 2777 575 2856 quid
599 2776 773 2841 autoritate
792 2777 909 2857 judicis
932 2776 1096 2856 possideat
1127 2767 1189 2854 (I).
1203 2776 1259 2842 33.
1283 2778 1369 2843 Diet.
1395 2778 1424 2842 3.
1425 2769 1456 2856 ).
1572 2781 1573 2790 ’

365 2881 413 2944 De
433 2880 506 2958 jure
521 2880 692 2957 Caesareo,
717 2879 872 2943 autoritas
895 2883 1037 2942 tutorum
1061 2884 1111 2956 est
1130 2878 1316 2958 necessaria
1336 2880 1457 2956 ¹saltem

270 2968 301 3031 in
325 2967 373 3047 iis,
398 2968 429 3031 in
454 2969 568 3047 quibus
591 2967 652 3047 ipsi
675 2966 858 3046 obligantur
874 2966 954 3046 aliis,
978 2977 1014 3031 ut
1036 2966 1061 3030 si
1087 2966 1162 3046 quid
1185 2967 1296 3046 pupilli
1312 2969 1460 3033 dederint

267 3056 316 3119 vel
347 3056 550 3121 vendiderint
581 3055 662 3132 aliie,
695 3072 758 3118 non
782 3060 895 3133 autern
919 3054 945 3117 si
970 3053 1045 3133 quid
1075 3055 1186 3119 datum
1210 3055 1258 3119 vel
1292 3057 1455 3121 venditum

264 3142 372 3209 luerit.
403 3142 738 3224 Namque'meliorem
769 3143 897 3222 quidem
923 3141 1135 3207 conditionem
1166 3143 1242 3207 licet
1272 3143 1317 3208 eis
1348 3145 1456 3222 facere

265 3233 363 3296 otiam
392 3233 460 3296 sine
484 3231 600 3296 tutoris
629 3230 814 3312 autoritate,
838 3231 1033 3294 deteriorem
1057 3248 1131 3294 vero
1155 3248 1218 3294 neu
1241 3229 1337 3296 aliter
1360 3251 1454 3313 quam
1571 3281 1572 3314 ,

268 3338 340 3383 cum
364 3323 481 3386 tutoris
506 3320 691 3384 autoritate.
1571 3323 1572 3342 ³

366 3422 447 3492 Illud
478 3423 651 3505 praecipue
686 3427 836 3486 servatur
864 3421 896 3486 in
928 3422 1072 3503 personis
1095 3421 1215 3502 liberis
1250 3426 1361 3487 nostro
1391 3422 1456 3502 juri

265 3509 427 3590 subjectis,
444 3512 528 3591 quod
542 3510 861 3576 Senatusconsultum
873 3510 1140 3576 Macedonianum
1153 3509 1318 3591 prohibuit
1329 3518 1456 3576 mutuas

264 3600 416 3677 pecunias
439 3600 503 3664 illis
527 3600 597 3664 dari
620 3605 654 3662 et
677 3617 804 3663 omnem
831 3599 986 3664 actionem
1011 3605 1076 3662 tam
1098 3599 1252 3664 adversus
1269 3600 1454 3677 mutuarias,

267 3703 360 3764 quarn
384 3706 439 3752 eos
463 3706 597 3767 quorum
629 3687 660 3750 in
684 3692 846 3767 potestate
870 3692 951 3767 sunt,
983 3688 1137 3766 denegari
1168 3678 1239 3767 (D.⁸
1254 3685 1317 3753 32.Ι
1333 3690 1377 3752 D.
1402 3689 1454 3751 40.

264 3774 327 3838 Jue
350 3774 446 3840 P‘roo.
474 3774 499 3840 I.
525 3766 599 3854 67.)
901 3833 903 3838 .
1080 3831 1082 3838 .

363 3863 433 3928 Hoc
446 3861 763 3927 Senatusconsultum
778 3862 1041 3928 blacedonianum
1060 3862 1133 3926 ideo
1157 3868 1207 3927 est
1222 3863 1448 3936 introductum,

265 3951 339 4028 quia
362 3969 458 4032 saepe
483 3952 609 4016 onerati
626 3968 703 4014 aere
727 3949 830 4014 alieno
855 3951 1048 4014 creditarum
1072 3951 1290 4031 pecuniarum,
1321 3955 1452 4031 quasin

263 4037 418 4103 luxuriam
437 4040 676 4116 consumebant,
694 4037 788 4116 vitae,
815 4057 946 4116 quorum
972 4039 1003 4102 in
1020 4043 1181 4118 potestate
1205 4045 1308 4116 erant,
1325 4039 1453 4103 insidia·

263 4125 390 4191 bantur.
426 4126 475 4190 Ne
498 4128 595 4207 igitur
627 4128 677 4190 cui
702 4127 776 4205 quid
809 4133 934 4191 mutues
965 4127 1025 4189 nisi
1058 4126 1223 4207 perfectae
1246 4129 1373 4192 'aetatis
1395 4127 1454 4206 sit,

264 4231 346 4292 quae
381 4215 412 4279 in
444 4216 617 4280 masculum
654 4214 695 4277 ad
724 4213 835 4277 XVllI
867 4221 900 4278 et
934 4215 965 4277 in
1000 4213 1148 4279 feminam
1182 4216 1221 4278 ad
1252 4217 1311 4280 XV.
1340 4235 1454 4280 annum

263 4301 385 4382 incidit,
424 4305 477 4382 qui
518 4323 620 4368 annus
656 4302 773 4366 dicitur
809 4321 909 4366 annus
944 4303 1123 4382 pubertatis
1165 4305 1211 4370 rel
1253 4303 1453 4369 discretionis

261 4378 323 4463 (D.
333 4390 385 4456 26.
407 4391 491 4456 Diet.
501 4392 530 4455 2.
532 4383 563 4471 ).
588 4390 690 4456 Nemo
711 4396 817 4469 tamen
837 4389 971 4454 liberam
995 4409 1124 4455 suerum
1146 4392 1299 4456 bonorum
1322 4393 1453 4457 admini-

263 4480 450 4543 strationem
467 4481 682 4558 consequitur,
698 4478 761 4542 nisi
776 4477 927 4541 habuerit
942 4497 1043 4543 annos
1055 4480 1114 4542 llll
1127 4469 1208 4559 (Jus
1222 4482 1319 4545 Proe.
1333 4469 1449 4559 Ι.55.).
