3270 5020
297 441 361 510 236
824 441 963 498 Stranslrii

298 578 368 659 alii,
400 579 486 646 inter
509 600 565 645 eos
588 581 641 661 qui
666 583 831 649 Romanae
855 583 948 649 Sedis
973 581 1142 662 disciplina
1166 587 1334 660 reguntur,
1368 583 1491 662 quique
1526 615 1531 624 ·

298 667 370 731 sub
388 687 462 732 una
480 671 744 748 cognominantur
777 672 923 751 Itemque
940 670 1183 735 administrator
1199 686 1267 733 curn
1285 670 1489 750 presbyterio

298 753 383 820 omni
412 774 481 834 suo,
512 756 733 824 archi-decani
759 759 1052 825 Outno-Montanus
1083 763 1117 822 et
1139 757 1367 837 HradecensiS,
1399 757 1489 822 urbi-

298 862 415 922 umque
438 844 471 909 in
494 863 594 924 regno
617 847 853 928 populosiormn
878 847 1000 926 decani,
1025 847 1110 912 inter
1130 863 1186 910 eos
1202 846 1256 924 qui
1269 845 1490 925 Evangelieae

298 930 487 1012 disciplinae
510 934 658 1000 instituta
680 941 867 1016 sequuntur,
892 937 1009 1016 quique
1032 934 1105 999 sub
1130 939 1302 1013 utraque
1326 933 1487 1000 dicuntur.

299 1019 418 1084 Omnes
441 1021 485 1086 illi
509 1040 599 1086 more
622 1026 729 1105 priseo
749 1025 883 1105 aRege,
908 1023 1062 1103 regnique
1087 1021 1207 1086 Senatu
1232 1039 1270 1086 ao
1292 1022 1490 1102 primoribus

297 1108 400 1187 partis
423 1127 502 1174 suae
524 1128 587 1174 non
611 1116 735 1176 tantum
758 1112 975 1191 nominantur,
1000 1110 1057 1176 sed
1082 1110 1180 1176 etiarn
1204 1108 1431 1175 confirmantur
1450 1131 1491 1176 ac

297 1195 362 1260 suis
385 1196 600 1263 functionibus
623 1199 864 1281 praeficiuntur,
896 1217 1006 1266 omnes
1029 1199 1112 1280 Regi
1136 1196 1334 1278 Senatuique
1364 1199 1489 1264 obtem-

299 1291 423 1364 perant,
448 1303 557 1350 omnes
581 1307 600 1351 a
624 1288 764 1354 consiliis
787 1288 1011 1368 subselliisque
1026 1285 1164 1368 politicis
1179 1285 1308 1366 penitus
1325 1292 1491 1352 arcentur.

298 1371 393 1437 Nulla
416 1373 577 1454 Hagecus,
602 1376 690 1440 nulla
714 1377 853 1455 caeteri,
888 1376 941 1456 qui
974 1375 1172 1442 contrarium
1194 1375 1246 1438 vel
1269 1375 1390 1455 opinati
1414 1381 1492 1440 sunt

298 1459 371 1524 olim
402 1462 451 1526 vel
481 1464 653 1543 opinantur
683 1464 788 1544 hodie,
821 1467 1021 1542 documenta,
1054 1463 1169 1543 quibus
1196 1462 1377 1542 opinionem
1399 1481 1493 1528 suam

298 1548 339 1612 de
355 1550 572 1628 praelatorum
588 1552 674 1617 inter
686 1553 826 1618 Ordines
841 1553 987 1633 politicos
1003 1552 1084 1632 loco,
1107 1567 1217 1617 rerum
1236 1551 1350 1632 peritis
1370 1569 1491 1632 appro-

298 1638 405 1715 bent,
422 1638 539 1704 idonea
566 1641 753 1719 produxisse
785 1647 970 1706 cernuntur.
1001 1640 1168 1720 Leguntur
1197 1639 1325 1717 quidem
1353 1639 1493 1704 adhibiti

298 1741 523 1807 nonnunquam
545 1727 643 1793 fuisse
667 1730 822 1796 obeundis
843 1728 980 1811 publicis
1004 1728 1095 1808 regni
1110 1727 1325 1808 legationibus
1349 1747 1389 1793 ex
1404 1727 1491 1791 anti-

298 1813 427 1878 stitibus
451 1815 639 1881 disertiores
662 1816 739 1896 viri,
771 1817 829 1882 sed
860 1818 974 1899 stirps,
1006 1815 1248 1895 utplurimum,
1280 1833 1336 1881 seu
1358 1813 1492 1897 generis

299 1902 461 1982 splendor,
485 1922 547 1967 nou
564 1905 702 1984 dignitas
719 1897 817 1984 (qnae
833 1905 984 1986 alioquin,
1009 1923 1048 1969 ex
1066 1902 1291 1968 nonnullorum
1316 1903 1491 1983 sententia,

298 2008 403 2069 neque
427 1991 571 2056 ordinem
594 2009 698 2073 noque
722 1992 956 2073 praestantiam
980 1993 1123 2075 ipsorum
1147 1991 1328 2056 naturalem
1349 1985 1492 2071 minuit),

269 2155 271 2162 y
298 2077 402 2142 locum
425 2078 465 2142 iis
488 2078 572 2145 huno
596 2081 794 2146 conciliabat.
819 2081 964 2145 Aderant
978 2087 1131 2160 tanquam
1147 2079 1328 2160 legatorum
1344 2078 1492 2145 referen-

298 2165 397 2245 darii,
433 2172 467 2231 et
496 2160 551 2224 ὑπὸ
577 2164 802 2245 δεισιδαιμονίας
825 2187 903 2234 τινες
935 2160 1143 2250 (praesertim
1172 2168 1227 2232 ubi
1258 2167 1418 2246 negotium
1448 2167 1492 2234 de

298 2251 484 2336 privilegiis
514 2257 669 2336 regnique
693 2262 780 2322 statu
803 2258 960 2324 communi
982 2257 1052 2338 fnit,
1084 2273 1166 2335 quae
1189 2254 1328 2336 delendi,
1357 2274 1490 2321 conser-

298 2343 376 2421 vari,
401 2343 577 2424 augerique
601 2346 893 2412 ecclesiastieorum
917 2363 1019 2425 aeque
1044 2364 1082 2410 ac
1096 2343 1300 2424 politicorum
1315 2337 1489 2423 interfuit),

298 2449 360 2495 non
396 2432 548 2510 tanquam
589 2433 811 2500 universitatis
853 2433 1003 2514 politicae
1044 2433 1198 2498 membra.
1234 2430 1329 2496 Circa
1364 2431 1490 2513 Regem

298 2519 484 2598 frequentes
505 2539 631 2601 quoque
647 2538 717 2586 esse
734 2526 979 2601 consueverunt,
1003 2523 1061 2587 sed
1078 2525 1113 2584 ut
1128 2521 1169 2586 de
1184 2521 1318 2600 pietatis
1334 2519 1491 2585 exercitio

298 2608 483 2685 monitores,
521 2627 583 2673 non
616 2615 653 2674 ut
686 2608 807 2691 politici
840 2627 1003 2691 proceres
1034 2608 1220 2674 Vocabatur
1252 2613 1428 2688 praeterea
1456 2609 1491 2672 in

300 2695 453 2760 Senatum
481 2698 672 2776 quandoque
697 2698 968 2780 archiepiscopus,
998 2701 1031 2762 et
1053 2696 1263 2763 cancellarius
1285 2697 1377 2776 regni
1402 2715 1491 2760 crea-

298 2783 395 2848 batur
418 2785 619 2864 praepositns
644 2786 940 2867 Wyssehradensis,
968 2786 1024 2852 sed
1048 2803 1108 2851 nec
1130 2801 1268 2865 semper,
1293 2801 1352 2850 nec
1376 2802 1492 2850 neces-

299 2871 395 2936 sario.
421 2871 478 2936 Ille
504 2873 545 2937 ob
563 2875 703 2939 muneris
725 2874 947 2942 reverentiam
970 2881 1004 2940 et
1025 2873 1059 2938 in
1082 2873 1121 2938 iis
1144 2873 1255 2938 saltem
1272 2873 1380 2951 relmS,
1407 2891 1492 2952 quae

300 2965 365 3022 tam
389 2977 500 3024 sacras
523 2979 576 3026 res
601 2979 695 3041 quam
719 2962 871 3043 profanas
889 2962 1146 3040 concernebant3
1171 2960 1224 3025 hic
1248 2980 1287 3026 ex
1309 2958 1492 3041 privilegio,

300 3048 384 3126 quod
404 3046 470 3127 jam
494 3047 566 3113 olim
590 3051 775 3131 exspiravit,
799 3068 904 3130 neque
928 3051 1083 3115 adversus
1106 3050 1355 3113 vetustissimum
1386 3049 1493 3128 gentis

301 3154 421 3201 morem
445 3135 524 3214 legis
547 3138 609 3202 virn
633 3137 755 3203 habere
779 3139 832 3202 diu
849 3140 961 3218 potuit.
986 3138 1030 3203 Et
1045 3155 1123 3202 sane
1147 3137 1223 3216 quia
1245 3136 1277 3200 in
1301 3138 1403 3202 sacris
1419 3137 1492 3217 plns

299 3241 394 3302 quarn
421 3222 496 3287 fatis
526 3226 611 3305 quod
641 3233 725 3304 agat,
758 3227 857 3291 habet
887 3228 1048 3304 sacerdos,
1080 3231 1114 3290 et
1142 3245 1181 3290 ex
1212 3225 1339 3290 homine
1371 3233 1490 3290 natura

300 3311 427 3390 politico
462 3313 566 3376 lactus
601 3316 840 3380 consecratione
872 3321 923 3380 est
951 3315 1044 3380 homo
1075 3313 1260 3394 theologus,
1293 3313 1492 3391 aequissima

300 3399 423 3480 Bojcmi
448 3405 574 3466 veteres
598 3402 685 3466 ducti
700 3404 836 3482 ratione,
861 3422 880 3467 a
903 3402 1048 3484 profanis
1070 3403 1157 3469 illum
1174 3401 1287 3465 studiis
1311 3419 1350 3465 ao
1367 3402 1491 3481 cogita-

299 3490 437 3553 tionibus
459 3496 617 3554 remotmn
638 3507 719 3570 esse,
743 3496 910 3569 statusque
933 3491 1069 3572 gradum
1092 3489 1218 3555 nonnisi
1242 3493 1377 3570 propter
1401 3508 1493 3554 araur

304 3583 416 3642 tenere
438 3576 616 3642 voluerunt.

405 3665 463 3729 lll.
488 3665 641 3730 Politicus
657 3673 764 3732 antem
783 3685 839 3731 seu
856 3668 956 3732 sacris
980 3668 1101 3732 solutus
1118 3664 1237 3745 Status,
1263 3671 1396 3730 vocatus
1411 3667 1499 3729 inter

307 3752 454 3832 Bojernos
478 3752 577 3826 Ordo,
609 3758 642 3819 et
665 3754 890 3834 vetustissimo,
915 3773 975 3819 nec
999 3754 1129 3835 Georgii
1152 3755 1239 3834 regis
1261 3771 1340 3818 aevo
1366 3752 1497 3817 denmm

306 3841 488 3906 introducto
517 3858 608 3908 more
636 3842 752 3923 triplex
780 3850 844 3908 est:
877 3844 1048 3923 Beronum,
1072 3842 1234 3921 Equitum,
1259 3842 1435 3905 Civitatum
1461 3835 1496 3920 ¹).

306 3930 489 4009 Permagna
504 3934 554 3993 est
569 3929 681 3995 horum
698 3930 855 3995 Ordinnrn
872 3932 905 3995 in
920 3948 1021 4012 regne
1036 3931 1180 3997 hhertas.
1206 3930 1335 3996 Etenim
1352 3931 1497 4007 quamvis

306 4018 427 4097 Regem
452 4023 628 4096 agnoscunt
653 4019 814 4083 dominum
839 4037 1038 4100 supremum,
1074 4019 1169 4098 eique
1193 4025 1226 4083 et
1249 4017 1346 4082 fidem
1370 4035 1496 4081 omnem

201 4162 204 4166 .
306 4112 339 4170 et
362 4105 576 4170 obedientiam
599 4104 816 4187 honoremque
839 4109 968 4189 dehent,
991 4108 1128 4187 ideoque
1145 4105 1262 4186 singuli
1284 4125 1321 4170 eo
1338 4123 1496 4185 perquanr

307 4193 412 4258 mrdtis
435 4193 589 4273 gradibus
613 4201 688 4260 sunt
709 4195 897 4262 inferiores:
922 4196 1064 4261 universi
1085 4201 1195 4260 tamen
1219 4201 1396 4275 propterea
1412 4195 1496 4274 quod

306 4282 535 4362 rempublicam
543 4288 802 4364 repraesentant,
814 4285 976 4365 plerisque
983 4286 1015 4349 iu
1024 4285 1122 4349 rebus
1130 4283 1332 4364 majestatem
1340 4284 1496 4361 quodam·

349 4409 490 4416 -——.-—

411 4479 416 4508 ¹
421 4491 432 4546 >
452 4478 502 4528 dns
521 4477 641 4530 Provinr.
662 4482 711 4533 art.
732 4485 756 4534 b.
