3270 5020
577 448 744 518 Respublica
765 443 884 516 Bojema
905 450 971 517 flap.
990 449 1053 507 ΧΠ.
1343 438 1406 524 243

212 610 282 656 esse
295 597 482 657 cernerent:
500 593 573 657 ideo
591 591 631 655 de
647 591 828 671 principum
845 608 986 669 assensu,
1010 590 1103 656 salvis
1121 591 1239 658 dudum
1256 597 1405 677 receptis,

212 698 358 758 magnam
382 685 510 761 partem
533 680 593 744 sibi
616 698 687 744 cum
719 678 887 743 nobilitate
912 679 1140 760 corrununibus
1171 681 1406 765 Praemyslaeis

211 768 335 848 legibus
366 768 438 847 illia,
470 773 592 832 statuta
621 765 808 848 peculiaria,
845 785 901 830 suo
937 766 1051 831 saltem
1077 767 1222 834 instituto
1257 790 1295 837 ac
1319 775 1405 840 vitae

212 858 323 935 generi
359 856 577 936 accomodata,
616 855 769 936 paulatim
806 855 944 919 condere
980 872 1018 919 ac
1054 858 1155 936 sequi,
1194 859 1405 942 civitatesque

211 945 336 1008 nomine
371 949 438 1009 tum
468 963 488 1008 a
517 943 716 1022 nobiliorum,
751 949 819 1008 tum
852 942 893 1007 ab
929 944 1103 1022 agrestium
1142 946 1238 1012 turba
1268 950 1405 1029 diversa,

212 1032 275 1097 dici
302 1031 479 1097 voluerunt.
504 1032 584 1097 lude
601 1031 718 1097 factum
742 1031 872 1095 tandem
890 1037 948 1108 est,
974 1037 1009 1094 ut
1024 1033 1129 1111 gentis
1153 1035 1243 1114 leges
1255 1037 1404 1119 juraque,

212 1119 275 1184 alia
297 1121 468 1186 terrestria
491 1111 636 1200 (Pratum
659 1109 824 1198 Zemalrd),
855 1118 972 1198 populo
996 1121 1155 1201 universo,
1186 1123 1249 1186 alia
1271 1125 1403 1190 munici-

210 1208 296 1288 palia
327 1199 473 1286 (Prdmo
507 1198 681 1285 Mdatalrd),
717 1204 900 1270 civitatibus
935 1208 1010 1272 solis
1046 1209 1183 1289 condita,
1219 1215 1336 1278 sensim
1372 1214 1403 1278 in

211 1296 375 1376 provincia
390 1297 632 1361 invalescerent.
657 1295 739 1358 Nam
756 1296 831 1372 quia
846 1313 866 1358 a
879 1293 1072 1376 Praemyslo,
1089 1297 1275 1363 noraotheta
1291 1302 1403 1380 primo,
1453 1295 1461 1308 ⁴

212 1384 348 1464 populus
371 1385 477 1465 legum
500 1383 748 1449 domesticarum
771 1383 875 1446 factus
899 1382 959 1446 fuit
974 1384 1128 1464 domiuus,
1154 1387 1405 1468 quotiescunque

213 1489 330 1536 causae
365 1490 466 1537 novae
502 1491 540 1536 ao
574 1477 789 1551 praegnantes
824 1472 1043 1552 emergebant,
1078 1473 1193 1552 quibus
1221 1476 1405 1542 decidendis

213 1561 356 1641 scriptae
380 1561 420 1623 ad
445 1561 477 1624 id
502 1564 629 1641 tempus
653 1559 741 1639 leges
757 1576 821 1623 non
843 1559 1089 1626 inveniebantur
1108 1578 1214 1640 pares
1239 1571 1405 1646 receptum

214 1647 377 1727 aliquanto
394 1654 466 1728 post
483 1666 541 1712 usu
555 1647 625 1726 fuit,
649 1652 684 1710 ut
700 1648 739 1712 de
757 1645 1007 1726 difficultatibus
1031 1666 1124 1727 quae,
1149 1649 1263 1715 sivein
1281 1653 1406 1732 legibus

213 1736 289 1816 ipsis
307 1737 372 1801 sive
388 1737 420 1798 in
436 1738 541 1801 causis
558 1737 644 1801 inter
659 1735 821 1816 litigantes
838 1737 1052 1800 controversis
1068 1737 1404 1816 deprehendebantur,

214 1824 384 1904 optimates
427 1817 558 1905 (quippe
597 1823 682 1888 inter
720 1823 899 1904 principem
938 1829 971 1887 et
1006 1824 1158 1914 populum
1197 1824 1317 1909 medii),
1364 1829 1404 1893 de

213 1913 434 1992 terrestribus
477 1913 641 1977 civitatum
679 1911 892 1976 celebriorum
931 1911 1030 1991 legati
1069 1912 1110 1976 de
1148 1916 1404 1996 municipalibus

213 1999 374 2079 frequenti
397 2001 507 2081 populi
530 2000 631 2064 omnis
655 1999 786 2064 concilio
816 2003 849 2063 et
873 2015 980 2064 coram
1001 2000 1155 2080 principe,
1188 2009 1407 2084 proponerent

215 2106 251 2152 ac
282 2093 441 2169 pronote
470 2107 506 2153 re
530 2093 748 2153 recenserent.
785 2087 874 2164 Quod
907 2088 980 2151 dum
1009 2087 1118 2166 fiebat,
1153 2108 1299 2170 cumque,
1333 2098 1406 2172 post

215 2182 363 2240 accurate
395 2177 428 2240 in
457 2193 606 2241 consessu
639 2193 781 2253 excussa,
814 2179 880 2238 tum
912 2193 994 2254 quae
1021 2177 1197 2256 proposita,
1228 2184 1294 2242 tum
1324 2197 1405 2258 quae

215 2282 273 2344 pro
304 2272 337 2329 et
366 2271 479 2329 contra
511 2265 597 2327 dicta
628 2268 721 2328 erant
751 2280 859 2327 rerum
888 2263 1059 2344 momenta,
1095 2265 1212 2346 populo
1235 2269 1407 2331 novatione

216 2354 316 2417 risum
349 2357 493 2418 estesse
517 2370 612 2432 opus:
648 2369 710 2414 non
734 2351 881 2414 sumebat
904 2351 1031 2430 quidem
1054 2370 1114 2417 nec
1138 2356 1314 2434 usurpabat
1336 2375 1406 2420 eam

216 2458 325 2504 curam
356 2459 394 2504 ac
423 2445 617 2520 potestatem
648 2439 709 2504 sibi
741 2439 877 2519 populus
906 2439 1084 2519 universus
1120 2440 1177 2505 sed
1208 2443 1256 2506 vel
1281 2444 1407 2507 senatui

217 2546 341 2608 magno,
366 2528 415 2592 vel
439 2527 573 2593 delectis
598 2547 637 2591 ex
660 2528 710 2591 sui
732 2527 836 2591 merlio
859 2527 936 2590 viris
959 2527 1110 2606 gravibus
1135 2534 1168 2592 et
1181 2531 1404 2610 prudentibus

217 2635 278 2695 quo
302 2616 422 2681 rectius
446 2634 484 2681 ac
509 2616 633 2680 cautius
656 2633 710 2679 res
734 2633 773 2679 ea
797 2611 1017 2692 conficeretur,
1042 2616 1202 2696 negotium
1226 2616 1407 2698 delegabat.

215 2702 244 2767 Ii
275 2723 310 2767 re
342 2704 423 2768 benc
451 2703 640 2783 deliberata,
677 2720 759 2782 quae
789 2703 823 2766 in
852 2702 985 2780 legibus
1022 2704 1061 2767 de
1090 2703 1204 2783 quibus
1238 2711 1344 2771 actum
1375 2707 1407 2770 in

217 2791 351 2856 concilio
382 2798 463 2870 erat,
496 2791 682 2870 abroganda
713 2790 765 2855 vel
793 2789 973 2870 supplenda
1002 2791 1198 2872 viderentur,
1228 2795 1409 2860 sciscebant

217 2885 250 2943 et
266 2879 307 2942 ad
324 2881 507 2944 concionem
523 2879 717 2944 referebant.
736 2878 856 2944 Scitum
872 2878 1024 2958 ipsorum,
1043 2880 1192 2962 princeps
1210 2883 1408 2963 populusque

217 2968 385 3032 universus
407 2987 467 3049 pro
491 2966 641 3031 concione
671 2966 835 3031 habebant
857 2971 972 3030 ratum.
1002 2966 1089 3030 Nihil
1111 2965 1163 3034 hic
1193 2971 1408 3048 sanciebatur,

218 3054 302 3133 quod
327 3055 367 3119 ab
391 3055 533 3135 gentium
553 3055 627 3133 ‚iure
652 3055 701 3118 vel
725 3054 889 3133 aequitate
912 3058 1023 3135 posset
1040 3055 1142 3120 videri
1159 3057 1308 3135 alienum,
1331 3058 1408 3123 nihil

219 3143 302 3220 quod
323 3143 506 3209 barbarum.
531 3135 709 3222 (Barbarus
721 3141 790 3221 ipse
804 3149 863 3219 est,
888 3143 942 3220 qui
965 3143 1127 3206 diversum
1151 3145 1183 3208 in
1207 3163 1265 3210 nos
1287 3141 1411 3227 fingit!)

218 3231 354 3296 Variare
370 3231 470 3311 leges
494 3249 603 3295 rarum
628 3230 753 3294 oruniuo
776 3230 861 3310 apud
885 3235 1012 3294 veteres
1032 3238 1157 3296 nostros
1176 3238 1208 3297 et
1224 3232 1411 3312 infrequens

219 3319 287 3383 fuit.
326 3317 433 3384 Semel
466 3319 529 3383 rite
558 3318 643 3384 latae
675 3337 712 3382 ac
743 3321 893 3396 receptae
925 3316 1008 3381 baud
1040 3323 1163 3384 temere
1193 3321 1409 3387 mutabantur.

219 3407 358 3485 Quaevis
383 3409 422 3480 ¹in
454 3407 492 3470 iis
524 3407 700 3485 abrogatio,
725 3405 902 3483 derogatio,
927 3406 1102 3484 obrogatio,
1128 3409 1320 3488 surrogatio,
1346 3409 1409 3474 rei-

220 3496 366 3574 publicae
390 3495 526 3559 exitiosa
542 3499 591 3556 est
604 3493 757 3572 judicata.
783 3492 868 3556 Male
883 3503 957 3572 post
972 3492 1050 3556 alios
1067 3495 1125 3557 sub
1142 3494 1303 3559 Ludovico
1321 3497 1410 3576 Rege

219 3601 319 3662 puero
344 3584 440 3648 vertit
463 3599 500 3644 ac
525 3579 667 3647 efflictim
693 3579 848 3645 invidiosa
870 3578 940 3660 fuit,
965 3580 1137 3646 Timocrati
1151 3583 1410 3663 apudnosnovo,

221 3671 353 3736 Allrerto
377 3669 543 3749 Rendelis
575 3667 694 3734 homini
724 3687 764 3732 ex
784 3666 915 3732 fortuna
944 3667 1032 3731 tenui
1056 3668 1160 3747 altius
1192 3689 1287 3750 quam
1318 3672 1411 3751 vulgo

221 3760 429 3839 probabatur,
455 3763 578 3836 evecto,
603 3757 718 3821 crebra
742 3774 801 3820 nec
825 3756 1018 3836 necessaria,
1044 3775 1101 3820 usu
1124 3760 1277 3836 iringistro
1294 3761 1411 3840 proba·

223 3856 326 3911 tarum
342 3849 447 3926 legum
464 3845 619 3910 alteratio.
647 3843 798 3909 Additum
821 3843 1036 3924 nihilominus,
1060 3847 1213 3926 temporis
1229 3865 1412 3928 progressu,

223 3934 396 4015 l'rzemysli
431 3933 555 4010 legibus
591 3933 704 4014 priscis
738 3931 799 3994 illis
833 3932 974 3996 nonnihil
1010 3938 1069 4011 est,
1106 3934 1163 3998 sub
1195 3935 1316 4014 Mnata,
1354 3936 1411 4000 sub

223 4021 375 4103 Neclano,
393 4023 451 4085 sub
467 4022 666 4101 Borrivogio,
688 4019 746 4083 sub
763 4018 906 4082 Boleslao
923 4019 1015 4098 Leni,
1035 4021 1180 4100 inprimis
1197 4013 1287 4100 (ona.
1308 4015 1413 4102 1135)

223 4111 282 4174 sub
313 4097 480 4175 S'obiesloo
511 4111 648 4187 seniore,
683 4107 834 4186 ducibus
873 4113 1029 4172 mutatum
1059 4109 1293 4192 excultumque,
1328 4111 1412 4176 haud

224 4215 301 4263 sane
324 4198 504 4275 infeliciter,
529 4195 672 4260 nonnihil
696 4201 745 4258 est
768 4195 826 4258 sub
850 4195 1038 4260 Weuceslao
1063 4197 1165 4261 Lusco
1189 4188 1281 4275 (corr.
1308 4189 1412 4277 1251))

223 4292 256 4351 et
288 4284 639 4367 Prnemyslo-(lttacaro
663 4283 705 4348 ΙΙ.
738 4272 828 4363 (αηη.
857 4275 972 4363 1269),
1009 4287 1148 4364 itemque
1179 4287 1237 4351 sub
1266 4286 1412 4352 dohanne

223 4364 315 4453 (aaa.
341 4373 437 4454 1322,
455 4363 570 4452 1341),
593 4376 627 4435 et
643 4370 798 4452 inprimis,
822 4371 920 4450 idque
935 4372 1080 4451 subimle,
1106 4374 1163 4437 sub
1180 4374 1354 4441 Wladislao
1370 4375 1411 4440 II.

223 4461 454 4544 Rudolpboque
470 4461 511 4525 ΙΙ.
530 4459 669 4540 regibus.
693 4459 735 4523 At
750 4477 820 4523 curu
837 4459 942 4540 prima
957 4461 1108 4541 orrrrrium,
1133 4461 1214 4527 duce
1230 4463 1413 4545 Praemyslo

1149 4565 1218 4634 16*
