3260 5018
498 453 665 522 Respublica
685 453 805 520 Bojema.
825 453 891 520 Cap.
910 451 957 510 XI.
1260 457 1323 528 237

135 593 231 656 modo
255 611 326 657 cum
350 609 388 657 eo
412 592 532 658 habent
554 611 763 672 communem,
788 591 923 672 ejusque
947 598 1140 674 potestatem
1164 613 1203 660 ac
1218 595 1322 674 splen-

137 681 249 746 dorem
273 681 465 761 adaequant.
497 682 588 746 Bona
611 681 751 761 ipsorum
777 686 844 745 tota
871 680 1013 763 Bojemia
1041 682 1196 762 pleraque
1220 683 1325 747 omnia

136 770 337 833 hereditaria
352 775 427 834 sunt
442 787 500 834 seu
516 769 687 848 allodialia,
712 787 877 850 perpauca
899 769 1049 834 feudalia.
1076 771 1221 835 Possidet
1239 772 1326 850 quis·

137 875 211 936 que,
236 858 319 936 quod
343 858 453 936 habet,
478 876 548 922 cum
572 858 694 921 minore
718 864 751 921 et
775 855 906 937 iniciare,
938 875 1032 937 quam
1062 859 1178 938 capitis
1202 866 1325 938 vocant,

132 945 378 1024 jurisdictione;
408 946 545 1011 venandi
574 946 670 1011 etiam
702 945 946 1026 auciipandique
976 964 1014 1011 ac
1048 947 1190 1027 piscandi
1214 947 1245 1010 in
1269 964 1326 1010 suo

135 1033 237 1098 habet
260 1039 456 1114 potestatem
479 1033 628 1113 liberam,
651 1032 746 1098 nullis
769 1034 830 1098 nisi
860 1034 891 1097 in
915 1053 994 1112 aquas
1018 1032 1154 1098 comitiis
1178 1039 1326 1113 l'requen-

136 1123 222 1186 tibus
238 1121 299 1186 iuit
314 1139 513 1201 consensum,
537 1122 754 1190 exactionibus
778 1121 870 1186 novis
893 1126 949 1186 aut
972 1121 1180 1201 vectigalibus
1203 1124 1326 1202 apiria-

135 1211 260 1290 cipibus
292 1215 456 1290 gravatur.
490 1212 516 1275 A
548 1211 682 1291 privatis
717 1209 805 1274 hisce
835 1211 934 1274 rebus
966 1210 1005 1272 ad
1041 1209 1171 1291 publica
1200 1227 1326 1290 quoque

136 1299 227 1378 regni
252 1299 383 1378 negotia
406 1299 470 1362 late
493 1299 669 1379 porrigitur
693 1297 850 1362 Ordinem
875 1297 1034 1362 libertatis
1057 1299 1259 1377 inagnitudo,
1294 1300 1326 1362 in

136 1403 270 1464 quorum
302 1387 530 1467 procuratione
561 1406 600 1450 ex
633 1387 735 1452 veteri
757 1385 903 1450 instituto
934 1378 980 1454 lid
1005 1385 1088 1464 quod
1109 1387 1176 1466 Jam
1200 1393 1275 1450 ante
1302 1381 1325 1466 ¹)

138 1467 375 1552 recensuimus)
408 1475 530 1552 aliquot
554 1474 675 1554 jurium
706 1475 902 1553 majestatie,
933 1473 1070 1537 validam
1100 1473 1221 1540 habent
1257 1492 1327 1538 curn

135 1562 280 1642 principe
303 1563 604 1644 participationem
637 1562 667 1625 in
688 1561 834 1640 justitiae
858 1561 1145 1642 administratione,
1168 1563 1329 1642 praemio-

137 1667 273 1729 rumque
299 1656 332 1715 et
354 1669 531 1732 poenarum
548 1651 774 1715 distributione
789 1648 985 1730 aniplissima
1002 1657 1052 1713 est
1067 1649 1191 1714 illorum
1215 1649 1328 1716 arithe-

138 1739 228 1818 ritas‚
254 1756 337 1818 quae
362 1739 430 1803 loco
454 1756 511 1802 suo
535 1739 654 1803 clarius
679 1739 892 1819 explicabitur
907 1730 945 1813 ²).
981 1736 1082 1802 licum
1115 1743 1207 1802 extra
1236 1740 1329 1818 regni

136 1825 218 1892 fines
241 1832 345 1906 natus,
382 1825 432 1893 vel
462 1827 494 1888 in
519 1826 640 1890 Ordine
670 1844 830 1907 quoquam
861 1825 987 1890 censeri
1020 1826 1069 1889 rel
1101 1827 1171 1906 agri
1202 1826 1327 1905 glebam

134 1913 210 1994 jure
235 1915 367 1980 dominii
389 1914 511 1978 habere
535 1915 584 1979 vel
610 1933 726 1994 gerere
750 1933 784 1979 se
807 1932 866 1994 pro
889 1913 1053 1993 regnicola
1077 1920 1194 1994 potest,
1226 1916 1330 1996 prius·

138 2021 243 2082 quam,
268 2003 383 2067 nobilis
408 2021 427 2066 a
449 2002 617 2068 nobilitate
641 2011 798 2067 conventu
821 1993 1036 2080 frequenti),
1062 2002 1139 2066 civis
1161 2005 1329 2067 asedente

136 2109 197 2170 pro
215 2091 366 2155 tribunali
383 2092 574 2170 nragistratu
593 2091 652 2156 loci
670 2091 778 2169 civico,
792 2108 832 2154 ea
847 2091 888 2154 de
904 2107 940 2153 re
957 2107 1121 2154 assensum
1138 2091 1328 2170 impetrarit,

138 2185 173 2242 et
195 2180 390 2259 priusquam,
415 2179 491 2243 data
514 2180 555 2243 de
580 2177 713 2244 colenda
745 2178 926 2256 tuendaque
958 2180 1103 2243 coronati
1127 2178 1329 2256 Bojemorum

137 2268 226 2346 regis
250 2273 402 2346 tanquam
419 2265 539 2331 domini
555 2268 600 2331 sui
625 2268 709 2331 unici
725 2273 759 2330 et
775 2267 981 2346 magistratus
998 2266 1140 2345 supremi
1162 2267 1331 2347 majestate

137 2355 238 2434 regia,
278 2356 382 2434 deque
415 2355 585 2419 servandis
621 2355 751 2422 Ordinis
784 2353 909 2431 legibus
943 2357 976 2415 ot
1008 2353 1119 2418 liberis
1153 2355 1185 2418 in
1221 2355 1330 2434 lingua

139 2441 302 2520 Bojemica
326 2443 541 2521 instituendis,
564 2441 628 2507 fide
651 2444 800 2523 ingenua,
825 2440 948 2518 Ordini,
978 2459 1072 2520 quem
1096 2449 1246 2521 gesturus
1271 2449 1330 2522 est,

139 2531 320 2611 adscriptus
343 2531 471 2611 publice
495 2533 759 2596 acconsociatus
781 2529 888 2593 luerit.
921 2529 1038 2608 Duces
1066 2529 1330 2608 inarchionesque

139 2617 284 2697 Bojemia
320 2618 423 2684 nullos
461 2617 569 2696 habet,
609 2621 740 2685 comites
779 2634 965 2698 perpaucos.
1007 2615 1040 2681 Si
1075 2618 1145 2696 quis
1179 2619 1243 2682 dux
1280 2617 1329 2682 vel

141 2707 283 2770 triarchio
309 2707 358 2770 vel
380 2724 486 2771 comes
508 2708 595 2771 iuter
617 2706 799 2785 regnicolas
822 2705 966 2786 cooptari
990 2711 1087 2784 atque
1112 2724 1223 2785 agrum
1245 2707 1331 2770 intra

138 2795 230 2873 regni
253 2793 334 2860 lines
358 2794 479 2860 habere
503 2795 620 2874 cupiat,
645 2795 779 2859 Baronis
803 2794 865 2858 loci
888 2793 1128 2873 eminentiaque
1144 2799 1330 2859 contentum

140 2899 211 2946 esse
228 2888 372 2962 oportct3
401 2883 498 2947 decus
522 2883 618 2946 altius
642 2882 765 2947 ambire
790 2900 848 2960 per
871 2881 960 2960 leges
983 2898 1043 2946 non
1067 2889 1185 2962 potest.
1220 2883 1330 2946 Veteri

140 2975 250 3034 autem
273 2971 428 3050 instituto,
453 2989 547 3036 nemo
571 2971 602 3033 in
627 2971 787 3035 Beronum
812 2970 976 3046 Ordinem,
1002 2971 1056 3048 qui
1072 2987 1131 3033 non
1157 2971 1197 3034 ab
1222 2970 1332 3034 abacis

141 3059 324 3138 equitibus,
360 3075 453 3122 nemo
477 3061 509 3124 in
535 3058 756 3138 Equestrium,
790 3060 844 3136 qui
875 3075 937 3120 non
968 3059 1149 3138 aproaris,
1185 3059 1331 3136 integrae

140 3145 246 3210 famae
262 3146 454 3225 hominibus,
477 3147 701 3228 procreatione
719 3147 863 3226 legitima
885 3145 1069 3224 descendat,
1094 3145 1331 3226 majoribusque

141 3236 330 3314 exceptione
355 3235 554 3300 documentis
579 3235 800 3300 demonstrare
824 3252 894 3297 rem
918 3240 1025 3312 queat,
1050 3234 1176 3298 admitti
1201 3241 1330 3313 coopta-

141 3324 210 3388 rive
234 3322 324 3386 solet.

238 3411 293 3474 IV.
317 3410 558 3490 Distinguendis
581 3428 678 3490 porro
696 3409 798 3474 isthoc
820 3408 913 3472 modo
932 3409 1108 3474 Ordinibus
1132 3411 1331 3474 occasionem

141 3499 307 3562 veteribus
320 3498 439 3578 objecit
451 3501 558 3580 posita
571 3499 610 3563 ob
623 3499 730 3562 oculos
738 3496 934 3576 reipublicae
944 3501 1131 3562 necessitas.
1145 3497 1335 3577 Apparebat

142 3586 298 3665 siquidem
334 3605 403 3650 eam
435 3587 618 3666 neutiquam
649 3587 834 3650 duraturam
867 3586 921 3648 diu
957 3585 1007 3648 vel
1042 3585 1161 3649 salvam
1192 3583 1332 3648 lutirram

140 3692 200 3737 nec
230 3674 405 3755 principem
439 3675 529 3739 oneri
560 3674 702 3738 innueris
734 3673 782 3737 sui
810 3671 944 3736 terendo
974 3673 1074 3736 solum
1105 3672 1174 3736 fore
1209 3689 1332 3752 parem,

140 3761 201 3825 nisi
234 3763 340 3843 legum
377 3767 410 3828 et
449 3762 595 3828 liberatis
631 3761 780 3827 custodes
813 3767 880 3824 turn
915 3765 1041 3840 togatos
1075 3766 1142 3825 tum
1181 3765 1333 3838 armatos,

140 3856 409 3930 mercaturasque
433 3857 466 3915 et
489 3852 751 3916 commerciorum
776 3867 813 3914 ac
837 3847 1034 3928 opificiorum
1060 3855 1225 3913 curatores
1248 3848 1333 3912 domi

140 3937 285 4003 haberet
319 3938 407 4003 iuris
436 3956 514 4018 crgo
545 3939 643 4020 patrii
670 3939 841 4016 legumque
872 3938 1140 4017 interpretationi,
1172 3936 1334 4000 libertatis

141 4043 179 4090 ac
211 4025 452 4106 privilegiorum
486 4028 652 4092 custodiae
679 4031 713 4090 et
736 4027 900 4106 capiendis
924 4025 964 4088 de
987 4025 1171 4106 republicae
1196 4023 1361 4089 consiliis.

140 4105 313 4194 (siquidem
343 4113 507 4195 peregrini
539 4133 647 4179 omnes
677 4133 696 4178 a
725 4114 902 4179 tractandis
931 4113 1028 4177 rebus
1050 4113 1230 4193 Bojemicis,
1260 4111 1334 4191 lege

144 4203 262 4282 prisca,
292 4220 444 4282 moreque
468 4221 596 4283 semper
619 4208 769 4267 accurate
792 4209 929 4279 servato,
959 4219 1090 4281 prorsus
1120 4195 1334 4281 repelluntur)

242 4407 265 4470 ¹)
294 4407 360 4472 cap
385 4407 427 4475 v,
459 4409 484 4473 q.
515 4412 547 4465 ro
576 4412 603 4458 a,
633 4410 672 4464 n.
710 4405 734 4471 π)
764 4404 831 4472 cap.
855 4403 930 4472 xri,
958 4406 983 4469 ,c
1013 4408 1038 4471 x,
1067 4405 1092 4471 a,
1121 4408 1146 4461 a.
1183 4404 1208 4466 ³)
1237 4403 1332 4459 comit.

140 4491 202 4532 ann.
224 4481 301 4546 1610,
322 4481 398 4536 tero.
947 4509 950 4515 ·
