3196 5010
655 444 778 506 666.
1268 445 1307 518 17

112 585 207 674 finali
219 585 374 672 justitiae
398 584 433 649 V.
449 586 486 651 P.
512 607 583 649 6666
605 583 768 650 submittit.
793 583 839 650 Et
861 584 892 650 oi
905 584 978 652 huic
986 585 1141 669 petitioni
1156 583 1309 670 Sempro-

121 675 188 756 niuc
213 673 437 738 contradicere
458 672 606 754 uoluerit,
635 681 707 738 tunc
724 673 810 758 petit
836 671 947 739 Titius
969 674 1034 740 cibi
1055 673 1224 738 terminum
1241 694 1308 757 pro

122 762 341 826 consuetudine
353 759 432 847 fori
459 761 731 845 adprobandum
761 762 871 843 otatui,
910 784 944 826 66
972 762 1068 827 certio
1091 760 1309 826 inetrumentio

121 850 361 914 declaraturum
380 841 455 930 (aut
477 850 545 914 aiio
568 850 660 914 modo
666 839 912 934 probaturum),
931 850 1141 936 praedictum
1164 847 1309 936 fundum

119 938 316 1003 hereditario
330 939 410 1024 jure
433 939 536 1010 66166
553 937 722 1022 pertinere
746 945 798 1002 etc.
1202 947 1205 954 ⁴

214 1049 365 1112 Formo
398 1047 578 1112 actionis
613 1047 751 1136 quoci-
781 1047 1070 1115 Seruianae:
1107 1047 1309 1136 Aequiocimi

111 1134 259 1220 judicent
284 1136 401 1201 Coram
423 1135 512 1200 nohis
534 1135 604 1223 opit
626 1143 655 1200 et
671 1138 829 1220 proponit
850 1136 958 1202 Titius
982 1138 1142 1202 adnerouo
1160 1135 1312 1219 Sempro·

119 1222 214 1302 nium,
245 1225 333 1312 quod
356 1247 396 1288 en
426 1245 528 1288 cauca
556 1223 666 1304 mutui,
698 1225 768 1288 cine
797 1226 867 1290 uilo
898 1248 1074 1290 neururum
1102 1224 1311 1304 conuentione,

119 1312 312 1376 mutuaverit
335 1312 400 1376 eibi
421 1313 496 1392 100,
527 1335 610 1400 quae
632 1313 832 1396 promiserat
853 1311 889 1378 Ι66
920 1313 950 1377 ei
978 1313 1201 1377 rectituturum
1224 1311 1313 1376 circo

121 1398 242 1463 Notata
257 1399 395 1464 Domini
409 1400 489 1464 anni
497 1399 698 1484 praecentio,
726 1408 754 1464 et
777 1402 905 1490 quidem
920 1402 954 1466 in
971 1409 1140 1465 numerata
1158 1399 1311 1484 pecunia,

122 1487 178 1550 enh
210 1488 405 1575 ohlipatione
438 1488 575 1552 omnium
603 1487 775 1570 honorum,
821 1490 1083 1578 quemadmodum
1124 1497 1152 1551 et
1179 1485 1312 1572 publico

123 1574 328 1639 inotrurnento
363 1598 430 1660 per
463 1575 626 1640 notarium
654 1585 795 1640 nentrum
829 1576 966 1664 corusecto
1000 1577 1039 1641 id
1070 1577 1153 1641 catis
1181 1582 1310 1640 conetot.

129 1660 208 1738 Quia
230 1673 340 1728 autem
362 1687 460 1751 neque
483 1664 655 1748 pecuniam
677 1673 783 1730 mutuo
804 1674 980 1750 acceptam,
1004 1688 1102 1752 neque
1118 1664 1200 1728 hono
1227 1661 1315 1726 Titio

129 1772 277 1834 enpreooe
297 1753 507 1836 hypothecata
528 1752 708 1817 nominatur
726 1752 938 1838 Semproniuo
961 1752 1111 1833 rectituit,
1141 1752 1214 1815 ideo
1234 1751 1316 1834 petit

122 1860 182 1920 per
205 1839 356 1904 Vestram
372 1840 557 1904 sententiam
567 1841 733 1928 finitivam
755 1842 975 1926 pronunciari
991 1850 1019 1905 et
1034 1839 1212 1920 declarari,
1238 1839 1319 1901 hona

127 1925 310 2010 Sempronii
318 1928 507 2012 praecentio
513 1930 593 2015 jure
599 1930 751 2017 piqnoris
764 1939 792 1993 et
803 1931 996 2016 hypothecae
1008 1929 1072 1993 nihi
1084 1950 1152 1992 6666
1164 1926 1316 2012 obhipota,

127 2037 252 2103 eumque
276 2017 485 2081 condemnari
507 2019 554 2082 ach
575 2018 811 2082 relaxationem
837 2018 1003 2083 ¹dictorum
1026 2017 1183 2080 honorum.
1222 2013 1265 2076 Et
1288 2013 1319 2077 ci

126 2102 194 2166 huic
222 2105 378 2188 petitioni
410 2105 631 2169 contradicere
666 2105 876 2190 Sempronius
910 2105 1057 2186 uoluerit,
1087 2102 1250 2188 promittit
1285 2123 1316 2164 66

126 2191 252 2272 publico
281 2193 502 2274 inctrumentO,
537 2194 593 2258 uhi
627 2195 780 2258 terminuo
811 2217 876 2278 pro
912 2193 1135 2257 consuetudine
1158 2188 1238 2276 fori
1272 2190 1319 2253 ud

125 2280 330 2361 probandum
353 2289 490 2346 etatutuo
514 2279 634 2367 fuerit,
659 2282 912 2362 declaraturum,
937 2281 1018 2345 hona
1042 2279 1227 2364 Sempronii
1241 2279 1320 2364 jure

130 2367 279 2453 pipnoric
304 2377 332 2431 et
353 2370 546 2453 hypothecae
574 2369 663 2434 Titio
686 2393 755 2434 6666
777 2370 941 2458 ohtiyatu.¹
967 2391 968 2396 ¹
1112 2381 1115 2391 '

792 2515 893 2583 judicis

618 2604 715 2643 nomen
800 2590 900 2644 actoris

330 2715 331 2718 ¹
407 2695 497 2764 utiles,
523 2697 552 2749 in
798 2676 838 2714 ¹¹³¹

374 2769 471 2836 quibus
491 2769 581 2821 omniu

381 2839 482 2892 adsunt
494 2840 582 2906 requi-

427 2910 489 2978 sita,
507 2915 539 2962 ut

619 2802 740 2856 narratio
760 2801 825 2857 16661

621 2960 706 2998 66666
724 2945 836 3012 petendi

604 3156 614 3226 1
694 3159 769 3213 alind
785 3166 937 3230 accusatur,
949 3167 976 3214 66
986 3161 1055 3216 61166
1068 3164 1201 3230 probatur
1223 3161 1267 3230 (B.
1281 3167 1323 3219 14.

623 3232 672 3284 Jus
691 3231 770 3288 Prov.
791 3232 819 3288 0.
841 3235 897 3298 15.)

695 3303 775 3370 plura
794 3304 984 3358 substantialia
1005 3320 1052 3358 666
1067 3306 1207 3372 attributa,
1227 3310 1253 3358 et
1269 3305 1325 3373 qni-

142 3379 236 3433 Libelli
256 3395 335 3432 6666-
626 3375 686 3428 dem
706 3375 803 3428 divorsi
822 3376 936 3443 genecio,
956 3377 1128 3430 continentur
1157 3375 1202 3444 (B.
1215 3378 1256 3433 15.
1276 3377 1325 3429 Jus

154 3453 246 3506 666661
265 3455 329 3504 6666
625 3447 704 3501 Prov.
725 3447 754 3500 G.
777 3447 829 3512 17.)

217 3523 258 3577 vel
694 3517 825 3584 judicium
845 3533 944 3570 666666
957 3534 1010 3571 666
1024 3517 1152 3572 definitae
1166 3519 1220 3574 6116
1239 3525 1326 3574 66666-

627 3587 712 3642 fertur
733 3589 777 3657 (B.
798 3589 1005 3646 17.1116Ρ6ον.
1027 3590 1056 3643 O.
1078 3594 1134 3658 18.)

408 3661 526 3730 inutiles,
544 3660 572 3713 in
667 3715 670 3725 ,
698 3659 786 3713 forum
807 3661 935 3714 66166666
954 3677 1009 3714 666
1022 3662 1233 3729 666616661166
1250 3663 1329 3718 Prov.

406 3734 503 3802 qnibns
522 3737 570 3784 666
629 3733 659 3786 Ο.
681 3736 722 3799 19,
742 3733 771 3786 O.
791 3735 834 3801 20,
853 3732 882 3785 G.
904 3733 961 3795 21.)

699 3819 863 3857 66666666
883 3819 1025 3873 personae,
1061 3821 1176 3872 quarum
1196 3804 1259 3872 quid
1279 3811 1329 3858 ant

628 3881 753 3941 respectu
784 3875 920 3928 societatis
946 3881 994 3927 aut
1018 3875 1178 3929 hereditatis
1204 3877 1324 3944 interest,

629 3946 816 4013 exprimuntur
834 3946 880 4014 (B.
894 3950 936 4003 18.
953 3950 1002 4014 19.,
1021 3947 1071 4000 Jus
1085 3948 1163 4001 Prov.
1177 3947 1206 4001 0.
1220 3951 1262 4016 27,
1282 3951 1324 4014 28,

630 4023 673 4086 30,
692 4021 735 4085 31,
755 4021 798 4086 33,
818 4021 860 4086 35,
879 4018 936 4085 36.)

701 4090 860 4142 convenitur
872 4107 906 4142 ex
928 4105 969 4157 eo,
987 4088 1058 4157 quod
1072 4057 1257 4143 transactione
1270 4097 1328 4143 erat

633 4161 848 4227 componendum
867 4161 911 4227 (Β.
931 4162 1041 4218 66166
1061 4160 1138 4214 Prov.
1159 4162 1187 4214 C.
1200 4164 1257 4227 41.)

706 4233 773 4285 nihil
792 4234 858 4286 certi
877 4240 904 4286 66
917 4233 1005 4300 aperti
1018 4231 1189 4286 concluditur
1217 4231 1260 4301 (B.
1275 4235 1332 4300 11.)
