3196 5010
233 411 276 482 2ss
630 415 662 469 V.
682 392 852 483 Ophthalmii
870 415 1024 471 Processus.

244 591 248 596 ·
333 555 371 618 V.
397 555 431 619 Si
466 555 536 634 quis
565 554 618 634 jus
653 573 745 619 suum
777 573 815 618 ex
845 556 1067 620 instrumentis
1098 556 1296 636 obligatoriis
1326 575 1345 620 a
1372 557 1440 622 die

237 641 386 706 solutioni
429 643 631 723 praescripta
665 644 751 708 intra
784 644 957 708 triennium
993 650 1027 708 et
1059 639 1098 707 18
1133 646 1329 724 septimanas
1363 665 1440 710 non

237 731 454 811 prosequitur,
479 736 545 796 tum
568 733 783 796 instrumenta
804 731 860 796 illa
883 732 1146 812 praescribentur
1168 724 1224 812 (0.
1242 727 1317 813 24.)

336 835 425 888 Causa
435 834 554 888 efficiens
564 837 757 902 usucapionem
768 852 815 888 seu
827 837 1067 902 praescriptionem
1079 847 1120 889 est
1124 836 1170 902 jus
1181 836 1257 890 civile
1269 835 1442 891 Romanum.

336 907 489 972 Sulrjectum
510 912 551 958 est
569 907 656 959 bonae
676 907 739 960 fidei
762 924 897 975 possesor,
924 908 970 974 qui
989 907 1082 975 elapso
1097 908 1166 974 justi
1183 909 1310 976 temporis
1329 909 1442 977 spatie,

236 985 289 1031 tam
306 995 349 1031 res
364 978 529 1045 corporales
548 995 628 1044 quiam
642 978 837 1046 incorporales,
856 980 968 1033 mobiles
983 995 1061 1047 quam
1081 979 1238 1048 immobiles,
1258 995 1327 1047 quae
1339 986 1442 1032 tamen

237 1067 291 1103 non
314 1056 377 1103 suut
396 1049 559 1116 prohibitae,
579 1049 707 1116 sibiipsa
727 1051 867 1117 acquirere
886 1056 983 1117 potest.

340 1121 479 1186 Objectum
491 1125 532 1173 est
542 1137 585 1173 res
596 1121 657 1186 ipsa
670 1122 729 1190 soli,
743 1137 783 1173 vel
799 1137 865 1186 non,
880 1122 942 1174 item
957 1122 1026 1175 actio
1041 1129 1067 1175 et
1082 1123 1195 1176 servitus
1209 1121 1440 1189 praescribenda.

337 1193 439 1245 Forma
455 1197 519 1244 sunt
537 1192 676 1260 requisita,
696 1194 840 1262 dequibus
863 1193 988 1261 diximus,
1007 1199 1037 1245 ut
1054 1195 1183 1248 continua
1194 1193 1339 1261 possessio,
1359 1194 1443 1247 bona

241 1265 318 1333 fides,
332 1263 424 1330 justus
445 1263 548 1330 titulus,
567 1279 609 1316 res
631 1265 854 1331 praescriptibilis
873 1272 900 1317 et
919 1265 1038 1317 traditio.

339 1336 429 1388 Causa
447 1335 535 1387 finalis
555 1340 597 1387 est
616 1337 725 1402 publica
744 1337 856 1403 utilitas,
876 1352 909 1388 ne
928 1352 1017 1389 rerum
1037 1335 1155 1388 dominia
1173 1340 1264 1388 essent
1281 1334 1388 1386 incerta
1411 1340 1444 1387 et

240 1413 270 1460 ut
290 1406 437 1475 aliquando
456 1407 518 1459 finis
539 1407 624 1459 litium
647 1407 801 1477 haberetur,
821 1423 888 1475 quas
906 1424 961 1461 non
981 1407 1106 1460 convenit
1125 1422 1183 1459 esse
1201 1405 1373 1460 immortales.

523 1559 526 1562 .
619 1589 680 1659 De
705 1586 779 1660 litis
804 1585 1057 1658 contestatione.

708 1724 733 1789 T
744 1725 819 1789 itu}
830 1744 873 1789 us
897 1724 969 1790 XII.

341 1859 426 1936 Quia·
447 1878 500 1924 res
523 1861 555 1924 in
569 1859 722 1940 judicium
739 1860 879 1924 deducta
894 1879 957 1926 non
973 1859 1109 1938 videtur,
1134 1859 1159 1922 si
1181 1864 1305 1923 tantum
1320 1864 1440 1939 postu-

243 1950 320 2013 latio
345 1949 477 2029 simplex
503 1949 666 2012 celebrata
694 1948 745 2011 vel
777 1949 845 2013 sola
875 1948 1008 2012 actionis
1031 1948 1156 2028 speeies
1182 1953 1257 2011 ante
1277 1946 1439 2026 judicium

242 2056 298 2104 reo
322 2036 364 2099 sit
387 2035 513 2116 cognita
537 2031 639 2115 (inter
660 2037 749 2100 litem
773 2038 856 2100 enim
882 2040 1095 2101 contestatam
1118 2041 1152 2101 et
1174 2036 1334 2100 actionem
1355 2053 1438 2115 per-

242 2125 375 2189 multum
398 2119 569 2200 interest):
602 2124 674 2188 ideo
699 2130 771 2204 post
794 2125 1043 2205 praeparatoria
1062 2123 1256 2203 judiciorum
1285 2141 1369 2187 nunc
1394 2123 1440 2187 de

243 2213 473 2294 principalibus
498 2213 670 2277 videndum
706 2218 771 2290 est,
807 2219 841 2277 et
869 2214 1006 2293 primum
1031 2211 1158 2276 uelitis
1190 2212 1438 2290 contestatione,

201 2349 202 2354 η
244 2319 325 2380 quae
356 2299 408 2382 fit,
441 2303 566 2381 quando
599 2301 723 2365 directe
747 2303 787 2365 ad
810 2300 951 2365 libellum
983 2300 1218 2364 accusatorium
1244 2299 1440 2365 affirmative

180 2456 183 2465 ,
244 2390 293 2452 vel
318 2389 467 2468 negative
491 2388 716 2470 respondetur.
1224 2423 1226 2428 ·

341 2478 421 2541 Litis
451 2477 642 2542 contestatio
679 2476 755 2540 nihil
787 2476 871 2540 aliud
903 2483 963 2556 est,
995 2495 1089 2556 quam
1116 2476 1186 2555 ejus
1214 2477 1273 2556 rei,
1306 2476 1345 2539 de
1371 2493 1441 2554 qua

243 2565 464 2734 {ontroversia
487 2565 657 2734 est,)apud
679 2565 818 2646 judicem
844 2585 883 2630 ex
907 2569 1043 2645 utraque
1068 2571 1161 2644 parte
1184 2565 1270 2628 facta
1294 2565 1441 2628 narratio

263 2658 301 2719 A.
327 2655 379 2718 45.
405 2654 491 2718 Diae.
517 2655 545 2718 5.

344 2741 446 2818 Quum
478 2742 640 2806 accusatio
664 2747 697 2808 et
720 2742 761 2806 ad
785 2759 857 2806 eam
889 2744 1053 2807 commode
1075 2742 1162 2805 lacta
1184 2741 1349 2821 responsio
1372 2739 1442 2802 litis

247 2831 455 2910 primordium
480 2822 578 2910 (quod
607 2834 657 2893 est
687 2830 756 2910 ejus
780 2822 986 2908 contestatio)
1009 2830 1224 2907 introducant,
1251 2829 1352 2909 iudex
1378 2845 1443 2907 per

247 2919 331 2982 hane
356 2918 576 2983 narrationem
606 2919 724 2996 negotii
756 2935 885 2981 causam
916 2917 1029 2982 audire
1052 2918 1174 2998 incipit.
1205 2918 1302 2982 Hinc·
1318 2915 1440 2996 liquido

248 3010 390 3087 constat,
417 3008 499 3085 quod
529 3007 656 3084 citatio,
689 3005 876 3085 comparitio
897 3010 970 3085 etc,
995 3006 1035 3069 de
1061 3006 1173 3086 quibus
1199 3006 1344 3083 diximus,
1375 3003 1442 3067 sint

250 3095 362 3158 saltem
386 3095 634 3173 praeparatoria
658 3094 759 3158 litium
783 3091 956 3172 injudicio
979 3093 1240 3157 deliniendarum.

349 3198 438 3248 Carisa
457 3195 577 3248 officiens
597 3195 651 3248 litis
670 3195 892 3248 contestationem
913 3199 955 3246 est
974 3201 1049 3247 act-or
1069 3201 1095 3246 et
1114 3210 1184 3247 reus.

349 3267 503 3334 SubJectum
523 3273 564 3319 est
583 3267 705 3321 narratio
725 3271 752 3319 et
771 3266 948 3319 contradictio
967 3266 1086 3332 partium
1105 3265 1210 3332 injure
1230 3264 1309 3321 facta.

347 3339 488 3404 Objectum
508 3344 549 3390 est
567 3340 654 3404 ipsum
669 3338 716 3404 jus
736 3338 859 3404 partibus
879 3343 1040 3404 competens.

349 3411 448 3463 Forma
468 3416 516 3478 est,
536 3416 565 3461 ut
583 3411 632 3462 fiat
651 3426 741 3462 eoram
756 3408 849 3476 judice
869 3409 1027 3461 affirmative
1047 3410 1088 3461 vel
1107 3410 1238 3476 negative.

341 3482 422 3534 -Finis
443 3487 491 3549 est,
511 3488 541 3533 ut
560 3482 654 3535 habito
673 3481 727 3532 litis
752 3481 837 3547 initio,
865 3480 978 3538 ulterius
998 3481 1024 3532 in
1044 3498 1127 3533 causa
1150 3481 1323 3547 procedatur,
1342 3480 1382 3531 vel
1401 3478 1436 3530 ad

249 3554 416 3620 probandum
437 3560 532 3606 contra
551 3559 700 3620 negantem,
719 3551 760 3605 vel
780 3553 814 3605 ad
835 3552 1066 3605 condemnandum
1085 3551 1272 3606 affirmantem.

406 3651 416 3718 f
609 3646 777 3713 affirmative,
797 3645 904 3712 quando
919 3661 981 3697 reus
996 3644 1112 3698 deducta
1132 3645 1159 3697 in
1175 3645 1265 3698 libello
1287 3645 1438 3710 confitetur,

662 3723 689 3770 et
708 3722 783 3770 actor
802 3719 836 3770 ab
851 3717 923 3770 omui
935 3717 1068 3783 probandi
1083 3733 1163 3770 onere
1177 3717 1312 3770 relevatur
1338 3715 1381 3776 (B.
1396 3719 1438 3771 sd.

661 3789 732 3843 Dist.
751 3792 776 3844 2.
815 3801 819 3812 ·

779 3791 930 3926 inplicita,
978 3857 1084 3926 qrrando
1138 3875 1205 3925 pure
1222 3875 1269 3911 seu
1283 3857 1439 3925 simpliciter

254 3937 299 3990 Lis
331 3952 393 3989 con·
440 3933 558 4002 proprie,
815 3931 961 3997 respondet
971 3931 1004 3983 ad
1019 3929 1102 3996 quod·
1174 3930 1318 3983 inficiando
1345 3934 1438 3981 contra

597 4010 598 4014 ’
618 4005 749 4072 negative,
818 4003 857 4055 vis
875 4002 1011 4068 sigillatim
1026 4006 1052 4053 et
1065 4001 1103 4053 di-
1173 4017 1202 4054 se
1222 4002 1312 4067 allata,

610 4077 671 4130 dum
691 4092 751 4128 reus
819 4079 903 4139 serte;
921 4073 1001 4140 idque
1013 4072 1044 4124 fit
1058 4077 1105 4124 aut
1138 4089 1198 4126 cum
1218 4073 1371 4130 conditione
1396 4086 1438 4122 ex·

280 4157 327 4205 aut
446 4149 550 4202 fariam.
608 4147 782 4497 libonem-¹
1174 4145 1308 4211 captionis
1325 4157 1440 4210 praepo-

280 4049 395 4096 testatur
428 4044 508 4110 idque
532 4042 570 4093 bi-

622 4221 741 4272 luetatur
1176 4216 1251 4268 sitae.

664 4289 706 4343 vel
790 4286 933 4356 implicite,
964 4287 1072 4355 quando
1102 4289 1183 4341 dicit:
1217 4285 1290 4353 Nego
1322 4289 1441 4351 narrata,

821 4365 903 4425 prout
933 4365 1087 4413 narrantur.
1122 4357 1265 4426 Ejusmodi
1299 4355 1440 4424 responsio

821 4429 888 4482 nihil
906 4431 978 4498 ligat.
