3270 5020
498 451 664 520 Respublica
683 453 805 522 Bojema.
826 454 892 520 Gap.
910 451 982 506 XlV.
1278 454 1341 523 253

108 615 113 624 ·
146 589 256 655 oribus
280 587 462 668 alligantur,
493 593 561 652 tum
584 587 716 668 majoris
739 587 892 655 momenti
920 590 953 654 in
975 589 1073 654 robus
1098 594 1289 668 versantur,
1309 596 1343 655 et

146 679 287 758 quotidie
309 675 379 742 lere
402 678 434 740 in
459 679 574 757 quibus
599 677 730 756 vigilent
747 682 1035 757 exerceanturque,
1059 677 1181 742 habere
1197 686 1339 758 possunt.

149 767 198 830 Ra
214 770 348 846 propter
365 767 490 845 quoties
504 767 669 846 contingit,
694 773 728 829 ut
745 771 837 830 vacet
852 783 891 831 ex
915 766 954 829 iis
971 765 1078 843 ullum,
1103 767 1211 847 Regia,
1235 768 1342 848 patrio

150 855 189 918 de
213 873 312 932 more,
337 859 387 919 est
409 854 593 935 providere,
616 872 658 918 ne
681 854 807 932 longior
830 871 925 933 quam
950 860 1115 917 menstrua
1143 856 1184 918 sit
1208 857 1341 921 vacatio.

148 941 219 1006 Nou
248 943 338 1024 prius
365 960 479 1008 munus
509 942 610 1021 majus
642 943 818 1022 quisquam,
855 942 916 1005 nisi
936 943 1056 1008 minus
1091 945 1271 1024 susceperit
1305 962 1343 1008 ac

148 1035 292 1111 tempore
327 1031 491 1110 aliquanto
526 1030 680 1109 obiverit,
716 1049 831 1108 gerere
867 1036 982 1110 potest.
1018 1030 1124 1095 Semel
1154 1031 1215 1097 hoc
1249 1033 1343 1098 alicui

150 1119 309 1199 collatum,
333 1119 458 1183 nonnisi
478 1119 710 1198 urgentissimis
728 1117 988 1197 gravissimisque
1006 1119 1168 1183 decausis
1186 1118 1342 1185 aufertur.

149 1208 279 1272 Ambire
302 1214 410 1273 tamen
434 1208 474 1272 ab
497 1209 587 1286 Rege
612 1207 709 1271 ullum
733 1206 792 1271 hoc
815 1207 944 1271 honoris
968 1223 1091 1282 munus,
1122 1208 1261 1287 capitale
1294 1214 1344 1272 est

151 1300 184 1360 et
206 1294 348 1362 infamat.
373 1295 416 1360 Et
441 1296 599 1375 quoniam,
624 1296 678 1374 qui
701 1294 740 1356 iis
763 1295 947 1374 iunguntur,
977 1294 1058 1374 Regi
1081 1301 1190 1360 nostro
1213 1297 1246 1359 in
1269 1315 1343 1360 con-

152 1385 348 1450 cernentium
373 1389 471 1448 totam
492 1383 722 1463 rempublicam
740 1383 939 1460 negotiorum
955 1383 1183 1461 procuratione
1199 1383 1343 1464 inprimis

151 1471 277 1551 adsunt,
302 1473 451 1553 quicquid
468 1473 500 1536 in
516 1471 751 1552 promovendis
775 1489 846 1534 cum
870 1471 980 1550 populi
1003 1472 1143 1536 universi
1162 1477 1230 1536 tum
1245 1492 1343 1538 mem-

150 1560 281 1624 brorum
292 1560 487 1638 singulorum
501 1559 671 1625 commodis
683 1579 722 1624 ex
730 1557 834 1622 officio
843 1557 972 1636 iaciunt,
987 1559 1083 1638 Regis
1098 1578 1135 1624 ac
1146 1561 1344 1640 reipublicae

151 1648 347 1713 authoritate
370 1647 500 1712 iaciunt.
525 1648 640 1725 Manus
663 1649 685 1712 ii
709 1666 728 1711 a
752 1643 919 1724 bopoqavio
950 1648 1033 1710 omui
1056 1666 1150 1727 quam
1179 1650 1343 1713 coutinen-

149 1737 287 1800 tissimas
303 1735 425 1801 habere
436 1735 608 1816 jubentur3
631 1743 758 1802 sanctus
775 1735 873 1802 etiam
889 1735 1121 1814 quodammodo
1137 1742 1187 1801 est
1203 1736 1344 1816 ipsormu

151 1825 240 1889 locus
262 1824 429 1903 laborque.
454 1823 614 1890 Vendicat
636 1831 744 1890 autem
777 1843 834 1904 pro
856 1824 921 1888 suis
946 1821 1021 1902 jure
1045 1824 1107 1888 sibi
1137 1842 1194 1889 suo
1218 1843 1257 1890 ex
1285 1826 1344 1904 hia,

151 1912 310 1992 quaedam
333 1913 478 1990 Regnum
509 1932 547 1978 ac
571 1913 754 1993 respublica
776 1913 963 1993 praecipue,
994 1913 1151 1991 quaedam
1176 1931 1252 1978 vero
1275 1914 1345 1978 Rex

151 1999 358 2079 magistratus
380 2019 557 2082 supremus.
595 1999 716 2065 l‘rioris
740 2001 868 2081 generis
897 2008 971 2066 sunt
999 2000 1143 2081 inprimis
1166 2001 1231 2080 illa,
1263 2020 1345 2078 ‹viiae

151 2089 379 2153 terrestria
411 2096 575 2167 vocantur,
611 2107 757 2169 quaeque
785 2091 842 2168 qui
873 2099 988 2168 gerunt
1011 2088 1178 2172 chcvyadt
1199 2089 1347 2154 daedalei

151 2175 273 2256 aemili,
297 2179 476 2258 optimates
502 2176 615 2257 ephori
638 2182 671 2241 et
693 2179 851 2258 primores
867 2177 972 2255 Regni
995 2177 1170 2254 habentem
1195 2179 1271 2242 item
1296 2179 1346 2256 ea,

151 2281 234 2344 quae
254 2265 320 2343 juri
343 2266 492 2344 dicundo,
516 2265 735 2330 custodiendis
758 2265 958 2345 reipublicae
982 2259 1157 2341 κειμηλίοις,
1182 2266 1344 2330 curandae

153 2355 308 2434 pecuniae
331 2353 363 2416 in
386 2371 463 2419 usus
486 2353 630 2434 publicos
653 2353 837 2431 collocatae,
866 2359 899 2418 et
923 2354 1060 2418 tuendae
1091 2355 1123 2418 iu
1148 2353 1346 2419 districtibus

151 2441 328 2506 incolarum
351 2441 588 2521 tranquillitati,
613 2445 688 2505 sunt
712 2443 900 2520 excogitata.

251 2529 309 2593 ΙΙΙ.
335 2531 507 2595 Terrestre
530 2547 646 2594 munus
669 2548 853 2610 supremum
878 2536 927 2594 est
946 2530 1205 2608 Burggraviatus
1230 2530 1346 2594 Curiae
1412 2553 1416 2561 ·

156 2617 373 2695 magisterium
398 2636 458 2683 seu
472 2619 628 2698 praetorii
642 2616 880 2698 praefecturae,
909 2617 1165 2695 MarescallotuS,
1194 2618 1346 2682 dancra-

154 2705 272 2785 riatuS,
296 2706 468 2786 Praetura,
494 2706 757 2783 cancellariatus,
793 2708 876 2784 quae
908 2723 1002 2768 nemo
1033 2706 1096 2770 nisi
1129 2705 1210 2769 Baro
1242 2713 1348 2786 potest

152 2793 264 2872 obire;
289 2795 570 2860 Protonotariatus
595 2799 629 2858 et
645 2789 980 2870 Sub-Camerariatus,
1006 2811 1088 2872 quae
1105 2794 1257 2873 Equestri
1277 2792 1346 2858 lere

156 2879 272 2945 Ordini
296 2882 366 2962 lege
389 2882 544 2962 jubentur
568 2883 650 2946 dari.
683 2882 732 2944 Ex
761 2881 811 2946 his
842 2883 955 2962 primo,
988 2883 1136 2960 secundo,
1169 2888 1282 2961 quarto
1314 2889 1347 2948 et

154 2970 301 3048 septimo,
333 2970 457 3035 addixit
487 2976 628 3036 vetustas
661 2970 869 3050 proventibus
892 2972 1013 3050 optima
1037 2971 1172 3050 praedia
1196 2971 1349 3035 nonnulla

156 3063 191 3120 et
215 3074 326 3136 agrum
352 3058 438 3123 haud
461 3059 736 3124 contemnendum.

254 3146 583 3226 Burggraviatus
606 3146 836 3224 Prageusis
862 3144 1095 3226 Suprevnus,
1118 3147 1255 3211 tenendo
1277 3145 1347 3210 lere

158 3251 258 3313 opera
280 3236 401 3299 vicaria
424 3236 491 3299 sive
515 3235 657 3298 absentis
681 3234 748 3298 sive
772 3240 874 3298 niorto
901 3233 1017 3297 sublati
1039 3235 1137 3313 Regis
1161 3235 1239 3311 loco,
1274 3253 1348 3314 pro·

157 3318 306 3386 bibendis
329 3323 508 3402 repentinis
530 3322 668 3387 hostium
684 3323 717 3385 iu
740 3339 877 3398 regnum
901 3321 1144 3401 irruptionibus,
1169 3322 1348 3401 tranquilli-

157 3410 296 3488 tatisque
326 3411 473 3490 publicae
503 3410 752 3486 turbationibus
783 3410 968 3474 coercendis
996 3407 1079 3487 juris
1112 3410 1349 3474 coutmnocibus

156 3500 537 3578 praevaricatoribusque
561 3493 602 3576 ¹);
639 3496 867 3576 cognoscendis
896 3497 1112 3575 regundorum
1144 3497 1266 3573 finium,
1299 3497 1349 3562 vel

157 3586 303 3649 natisex
323 3587 491 3651 literarum
507 3585 704 3663 obligatione
722 3585 957 3662 controversiis,
982 3591 1031 3648 est
1046 3586 1221 3650 ordinatus.
1247 3585 1348 3648 Exer-

159 3673 240 3738 citus
263 3676 430 3739 terrestris
454 3673 671 3754 praefectura,
696 3673 872 3736 secundum
888 3672 1009 3750 Regem
1033 3690 1194 3752 suprema,
1220 3673 1350 3751 dejure

157 3762 188 3823 ei
223 3764 374 3842 competit
407 3780 535 3843 semper
560 3753 595 3835 ²).
633 3762 828 3841 Dependent
864 3761 904 3823 ab
939 3759 999 3824 hoc
1030 3779 1162 3824 munere
1201 3779 1349 3842 supremo

157 3853 225 3912 tum
241 3849 525 3929 Burggravius
543 3851 650 3914 arcis
667 3849 904 3928 Progensis,
929 3866 1022 3927 quern
1043 3850 1198 3913 minorem
1222 3855 1348 3928 vocant,

159 3953 229 4000 curn
252 3955 309 4002 suo
333 3938 464 4002 consilio
494 3945 527 4002 et
549 3937 670 4002 consilii
693 3937 847 4001 ministris
871 3936 1069 4015 quibusque,
1101 3942 1168 4000 tum
1192 3935 1349 4018 Holenam,

158 4023 189 4087 h.
214 4042 242 4088 e.
266 4026 395 4091 lictores
419 4027 485 4090 sive
510 4026 638 4089 accensi
660 4017 820 4097 omnes³).

257 4113 430 4178 Curiae
466 4130 543 4177 vero
581 4113 649 4176 sive
685 4112 797 4192 palatii
831 4112 1347 4192 Archi-Magisterium

158 4199 326 4278 dirigendo
349 4203 449 4281 regio,
485 4202 569 4280 quod
593 4200 762 4265 Camerale
786 4200 914 4279 dicitur,
948 4201 1075 4280 iudicio,
1110 4202 1263 4266 ornandis
1291 4219 1348 4282 pro

260 4405 283 4471 ¹)
307 4405 358 4459 Jus
378 4405 499 4460 Proviuc.
519 4407 553 4461 A.
574 4410 597 4474 l,
616 4410 659 4476 36,
679 4409 721 4466 37.
741 4408 774 4462 D.
794 4410 838 4463 49.
858 4406 888 4460 0.
910 4410 950 4464 19.
972 4411 999 4458 et
1018 4409 1060 4462 22.
1098 4405 1124 4473 ⁴²)
1152 4407 1247 4459 Camil.
1275 4411 1349 4466 1615.

158 4475 184 4545 ⁸)
205 4475 337 4532 Victorin.
357 4475 390 4530 de
409 4476 539 4548 Wiehrd,
557 4474 604 4534 lib.
623 4481 649 4535 2.
