3212 5008
281 442 331 514 66*
746 446 779 503 V.
799 401 1001 516 Ophtbalmius.

380 581 445 648 Per
466 581 715 663 inquisitionem,
740 583 866 663 quando
886 581 987 664 judex
1008 599 1180 664 personam
1211 581 1407 647 accusatoris
1437 585 1476 645 et

279 669 397 751 judicis
419 669 513 736 simul
535 670 681 752 sustinet,
710 672 812 737 etita
835 690 875 736 cx
898 667 1000 736 officio
1032 675 1145 736 contra
1168 669 1306 750 aliquem
1329 668 1476 750 inquirit.

284 759 356 825 Hoc
379 765 487 824 autem
509 775 586 824 casu
608 777 741 825 necesse
765 767 824 841 est,
849 764 960 825 contra
984 778 1077 840 quem
1100 776 1161 840 per
1176 758 1303 823 modum
1326 761 1477 823 torturae

283 846 465 928 inquiritur,
490 846 530 912 de
562 847 693 912 crimine
716 864 787 913 esse
818 847 1026 929 diffamatum,
1057 852 1091 912 et
1113 847 1198 928 quod
1220 845 1307 910 fama
1336 845 1477 912 traxerit

286 935 441 1016 originem
465 954 485 1000 a
507 933 571 1000 fide
595 935 699 1017 dignis
723 937 809 1002 viris.
833 937 1042 1017 Reipublicae
1065 935 1150 1002 enim
1173 933 1306 1000 multum
1328 933 1475 1006 interest,

285 1023 442 1104 siquidem
465 1041 505 1088 ea
526 1024 559 1088 in
582 1041 681 1089 causa
709 1025 910 1105 periclitatur
935 1024 1083 1092 valetudo
1112 1023 1257 1102 hominis
1285 1040 1327 1087 ne
1350 1021 1477 1086 levibus

283 1112 324 1178 de
349 1112 454 1177 causis
478 1111 592 1192 aliquis
616 1116 784 1178 accusatus
804 1116 861 1178 aut
883 1119 1059 1195 suspectus,
1085 1116 1230 1177 torturae
1253 1114 1287 1175 et
1310 1109 1475 1189 quaestio·

283 1200 377 1264 nibus
400 1199 565 1265 subdatur
593 1200 675 1264 Vide
698 1200 738 1265 de
762 1218 801 1265 eo
825 1200 860 1267 S.
883 1201 936 1268 19.
960 1209 989 1267 et
1011 1201 1045 1268 S.
1069 1199 1120 1268 21.

312 1291 318 1300 '
381 1285 550 1367 Inquisitio
574 1294 631 1352 aut
660 1295 710 1354 est
732 1285 903 1369 generalis,
937 1289 1043 1369 quoad
1073 1305 1229 1368 personas
1252 1291 1286 1351 et
1309 1285 1473 1364 delictum,

281 1391 375 1454 quam
410 1373 533 1440 iaciunt
566 1374 718 1442 officiales
751 1377 783 1440 in
818 1379 965 1459 ingressu
999 1378 1048 1442 sui
1077 1376 1188 1455 officii;
1224 1378 1281 1441 aut
1311 1373 1472 1456 specialis,

281 1462 388 1542 quoad
410 1481 565 1544 personas
589 1469 623 1528 et
645 1464 771 1529 delicta.

377 1551 415 1616 In
451 1549 668 1616 criminalibus
703 1552 910 1633 probationes
944 1553 1064 1619 debent
1092 1571 1163 1618 esse
1191 1551 1262 1618 luce
1293 1550 1473 1616 meridiana

286 1636 449 1718 clariores,
473 1643 506 1704 et
528 1643 629 1705 testes
653 1639 738 1706 omni
761 1642 949 1722 exceptione
972 1640 1110 1722 majores
1132 1631 1197 1722 (M.
1221 1631 1295 1721 23.)
1424 1717 1426 1721 ,

202 1801 204 1804 ,
383 1725 491 1792 Satius
507 1731 557 1792 est
579 1727 717 1807 relinqui
738 1727 928 1809 impunitum
951 1729 1075 1794 facinus
1090 1729 1242 1809 nocentis,
1268 1746 1362 1808 quam
1380 1727 1471 1794 inno-

282 1819 408 1880 centem
431 1815 656 1882 coudemnare.
680 1815 718 1880 Id
741 1821 801 1896 est,
830 1817 930 1882 tutius
953 1822 1013 1896 est,
1043 1835 1083 1883 ex
1112 1817 1308 1882 conscientia
1333 1814 1471 1894 aliquem

201 1951 202 1954 η
285 1902 458 1980 dimittere,
482 1920 578 1982 quam
602 1903 754 1969 indubio
779 1904 925 1970 occidere
948 1897 1003 1981 (S.
1025 1903 1078 1970 20.
1104 1902 1192 1971 Diat.
1215 1896 1268 1984 3.)

380 1988 564 2056 Notandum
598 1989 682 2071 hinc,
715 1991 900 2072 praecipitis
935 1992 1058 2058 consilii
1088 2010 1187 2077 saepe
1218 1991 1373 2058 asseclam
1400 1989 1474 2054 lieri

281 2077 523 2159 poenitentiam.
539 2077 600 2157 Qui
619 2097 734 2160 nempe
750 2081 813 2145 cito
827 2079 960 2159 Judicat
973 2081 1001 2144 is
1021 2080 1063 2145 ad
1074 2081 1303 2161 poenitentiam
1316 2081 1473 2160 properat

281 2160 345 2247 (M.
374 2156 457 2246 24).
480 2166 552 2232 Huc
574 2166 654 2231 illud
676 2171 807 2248 poetae:

470 2278 632 2343 iudicium
655 2297 821 2360 praecone,
844 2279 947 2344 insani
971 2283 1022 2345 est
1039 2278 1156 2361 judicis
1179 2278 1284 2355 index,

469 2365 586 2431 Omnia
608 2372 682 2432 sunt
703 2366 806 2448 longis
830 2367 1032 2433 discutienda
1055 2366 1161 2434 moris.

383 2502 474 2566 Bona
508 2501 731 2566 damnatorum
767 2518 824 2566 seu
852 2503 1105 2585 proscriptorum
1136 2519 1200 2566 non
1236 2500 1354 2580 cedunt
1382 2497 1469 2577 fisco,
1582 2505 1583 2524 ¹

285 2590 342 2656 sed
364 2594 571 2656 reservantur
593 2589 839 2656 succedentibus
862 2592 902 2657 ab
926 2591 1090 2671 intestato,
1114 2589 1257 2671 exceptis
1281 2586 1469 2669 quibusdem

281 2678 417 2744 casibus.
1582 2721 1583 2740 t

382 2765 494 2831 Veteri
512 2766 587 2848 jure
609 2768 693 2833 bona
715 2783 836 2846 eorum,
860 2767 914 2846 qui
930 2767 1125 2834 conscientia
1148 2765 1257 2845 delati,
1274 2762 1467 2843 admissique

282 2855 424 2920 criminis
460 2859 547 2920 metu
577 2853 703 2921 futurae
735 2854 913 2920 sententiae
942 2873 1055 2920 manus
1084 2854 1145 2920 sibi
1174 2852 1358 2938 intulerant,
1390 2849 1466 2915 fisco
1582 2919 1583 2924 ,

281 2942 542 3008 vendicabantur.

380 3029 469 3109 Quae
503 3031 567 3096 sint
599 3029 789 3097 delictorum
822 3031 946 3114 species
975 3035 1008 3097 et
1039 3031 1153 3111 quibus
1181 3030 1293 3112 poenis
1323 3023 1465 3106 singulae

282 3116 494 3198 vindicentur,
517 3118 598 3184 haec
621 3118 729 3184 tabula
752 3120 967 3186 demonstrat:

619 3241 725 3320 babela
743 3261 775 3320 de
793 3261 931 3337 speciebus
949 3261 1117 3321 delictorum.
1159 3311 1161 3316 .

1016 3377 1313 3450 (praesentassetis,
1332 3355 1468 3438 adulterii,
1582 3369 1583 3448 ἰ

1073 3452 1123 3505 sub
1133 3468 1186 3520 qno
1196 3456 1320 3517 stuprum
1331 3451 1358 3500 et
1369 3449 1464 3511 raptus

1037 3523 1086 3609 Vis
1097 3521 1241 3608 publicae,
1259 3519 1382 3600 privatae

765 3629 813 3698 5¹¹⁸
838 3632 873 3686 ad
898 3630 1002 3697 dim·
1036 3595 1465 3731 iiffirffirtegussaffissiffa

521 3733 667 3803 ordinaria,
771 3705 899 3787 ⁸³fi⁰3¹9m
914 3705 1002 3784 Statim
1037 3707 1198 3793 violationi’s
1218 3732 1423 3801 sepulchrorum

475 3804 503 3857 in
522 3806 621 3874 quibus
640 3813 714 3860 certa
771 3775 872 3859 pUb¹¹9¹
906 3771 1002 3841 temht'
1015 3773 1021 3874 Ι
1035 3810 1110 3865 Falsi

304 3873 413 3929 Delicta
470 3891 559 3943 poena
576 3876 636 3946 lege
656 3894 718 3932 con·
772 3851 801 3897 ut
820 3861 920 3900 ΜΘΗ
1036 3883 1161 3937 Ambitus

294 3952 422 4000 enniani
475 3947 596 4003 stituitur
613 3949 665 4016 (Μ.
685 3954 710 4007 3.
1035 3953 1236 4023 Receptationis
1257 3951 1392 4005 latronum

475 4024 502 4072 et
522 4023 563 4077 19.
582 4022 653 4074 Dist.
674 4024 713 4091 2.)
1035 4026 1177 4081 Etrietatis

498 4090 536 4144 Et
554 4098 618 4146 eunt
636 4099 684 4146 aut

753 3559 872 3628 publica,
889 3575 1002 3627 quorum

786 4203 793 4215 ·
942 4203 947 4216 ·
1034 4168 1147 4223 Furtum
1176 4170 1225 4222 sub
1263 4183 1298 4221 uo
1336 4164 1436 4218 laium

751 4209 891 4328 Ρῃῐνιῗὲῗέθ
903 4204 1001 4329 ᾳᾞὲἓ
1035 4240 1093 4293 Lex
1105 4209 1224 4309 Aq’uilia,
1243 4186 1293 4293 gub
1309 4181 1463 4306 (fuagfamil.

768 4292 824 4398 I)ffl·
848 4348 875 4398 p,
1070 4318 1098 4365 et
1107 4312 1250 4379 pauperies
1259 4309 1464 4379 quadrupedum

768 4361 1000 4471 modffimlrutcom'
1035 4382 1147 4452 injurio,
1173 4384 1222 4438 sub
1242 4397 1297 4452 qua
1314 4382 1463 4436 convicium

876 4459 883 4485 ’
1072 4459 1099 4506 et
1118 4453 1288 4509 contumelia.
