3270 5020
573 424 738 492 Respublica
757 423 877 491 Bojema.
898 424 964 492 Cap.
984 423 1058 480 XIV.
1343 429 1407 498 257

221 564 349 632 dicendi
381 563 462 628 alius
492 581 528 629 aa
558 579 620 626 non
644 560 690 625 ita
712 561 810 626 multo
833 567 907 642 post
928 560 1042 627 offeret
1064 563 1153 629 locus
1173 558 1206 644 ¹).
1236 564 1407 654 Pecuniam

219 651 417 734 reipublicae
453 649 638 716 collatitiam
672 656 849 728 procurant
882 648 957 715 lecti
992 669 1121 732 semper
1149 652 1182 716 in
1212 654 1347 718 comitiis
1369 673 1409 718 ex

221 741 392 807 Ordinibus
410 738 542 820 singulis
557 737 725 817 triumviri,
749 737 862 818 vulgus
886 755 940 802 eos
957 738 1121 825 Nejwyddc'
1134 741 1282 826 Berntky
1304 747 1406 806 vocat.

221 831 262 894 Hi
279 848 318 893 ex
333 828 475 893 decretis
489 829 523 891 in
536 825 692 891 Ordinum
705 832 862 891 conventu
874 827 1171 908 contributionibus,
1188 831 1354 895 collectam
1367 831 1407 895 ab

221 919 305 983 omni
332 916 451 998 populo
483 913 666 996 pecuniam,
697 915 743 980 ita
765 919 802 979 ut
835 916 971 980 comitiis
1000 914 1221 995 frequentibus
1252 920 1407 996 convenit,

222 1007 416 1086 dispensant.
447 1003 627 1068 Incolarum
656 1008 764 1067 autem
793 1003 943 1084 publicae
971 1005 1138 1069 securitati
1166 1004 1198 1069 in
1234 1007 1408 1071 territoriis

222 1093 482 1173 districtibusque
518 1091 773 1172 conservandae,
808 1093 977 1156 institutae
1011 1096 1086 1157 sunt
1119 1093 1407 1160 Provinciales

221 1180 530 1263 praefecturae.
571 1179 710 1259 singulis
742 1198 796 1244 eas
827 1181 918 1246 anuis
946 1179 1095 1245 renovari
1126 1182 1165 1246 ab
1195 1182 1284 1263 Rege
1318 1182 1407 1264 leges

222 1271 332 1335 volunt
354 1274 388 1334 et
409 1269 491 1333 binis
515 1288 554 1332 cx
576 1267 840 1347 locupletioribus
861 1270 894 1332 in
918 1286 1107 1348 unoquoque
1131 1269 1279 1336 districtu
1297 1271 1407 1336 incolis

222 1357 421 1436 demandari,
455 1356 575 1421 Baroni
609 1374 726 1435 nempe
756 1356 810 1420 uni
839 1361 871 1421 et
893 1356 1003 1436 Equiti
1026 1354 1131 1437 alteri,
1165 1357 1199 1422 id
1231 1359 1315 1438 quod
1349 1360 1407 1425 sub

223 1445 343 1525 Majum
375 1444 444 1510 fere
473 1461 617 1510 mensem
648 1442 720 1509 fieri
751 1446 921 1524 quotannis
953 1446 1147 1510 consuetudo
1172 1450 1230 1510 est.
1265 1447 1408 1513 Muneris

223 1533 316 1612 buius
332 1540 382 1598 est
396 1551 470 1598 usus
485 1524 520 1612 ²),
533 1533 565 1596 in
578 1533 812 1612 praecavendis
824 1533 1011 1614 periculosis
1026 1533 1160 1598 viciniae
1175 1534 1266 1602 malis
1280 1537 1408 1616 quibus-

222 1640 283 1700 que
306 1620 466 1698 fortuitis,
497 1622 530 1686 in
553 1621 773 1687 describendis
796 1622 988 1687 necessariis
1013 1619 1190 1686 defensioni
1212 1623 1409 1703 plebejorum

221 1709 383 1775 bominum
405 1709 480 1774 telis
505 1726 542 1774 ac
558 1709 665 1788 armis,
683 1710 861 1774 exercendo
877 1711 910 1774 in
927 1727 1088 1774 armorum
1112 1729 1179 1790 usu,
1196 1709 1409 1790 habendaque

223 1801 254 1863 in
278 1799 455 1878 procinctu,
479 1801 659 1878 opportuna
675 1797 829 1864 adversus
845 1797 981 1864 bostium
998 1799 1187 1877 repentinas
1202 1800 1408 1881 irruptiones,

222 1886 416 1952 selectorum
440 1904 479 1949 ex
502 1885 587 1950 omni
610 1902 743 1950 numero
769 1886 943 1950 vicinorum
962 1885 1131 1964 juventute
1146 1893 1281 1967 armata,
1304 1889 1410 1952 incre·

221 1975 335 2056 pandis
358 1973 421 2039 otio
447 1972 647 2053 torpentibus
666 1965 709 2052 ⁸),
741 1974 774 2036 in
803 1973 986 2040 relaxandis
1016 1974 1176 2039 immerito
1204 1974 1355 2056 conjectis
1377 1976 1410 2039 in

221 2063 346 2127 vincula
368 2061 578 2140 tenuioribus
601 2061 849 2141 abrumpendis,
881 2061 913 2125 in
943 2064 1217 2143 repraesentando
1244 2062 1411 2144 opificibus

223 2150 390 2231 oppidanis
412 2149 605 2215 hostimento
629 2149 678 2213 vel
702 2167 874 2230 operarum
896 2151 1002 2230 pretio
1025 2148 1236 2216 familiaribus
1251 2151 1411 2217 nobilitati

223 2238 553 2318 tergiversationibus
588 2237 619 2300 in
650 2237 852 2316 prohibenda
881 2238 1018 2317 denique
1046 2239 1077 2302 vi
1101 2239 1225 2319 privata
1247 2238 1410 2304 hominum

223 2325 423 2408 petulcorum
444 2325 537 2390 omni.
562 2325 723 2406 Imprimis
739 2342 825 2404 vere,
850 2327 1024 2391 secundum
1040 2327 1274 2412 Burggravium
1292 2327 1410 2408 Supre-

223 2433 317 2493 mum,
343 2413 490 2496 pervigili
513 2432 591 2478 cura
615 2414 644 2477 ei
668 2419 719 2478 est
739 2414 1003 2494 incumbendum,
1035 2419 1070 2478 ut
1101 2415 1414 2495 comprehendantur

223 2521 356 2568 errones
387 2503 530 2584 suspecti
564 2507 597 2566 ct
630 2507 841 2581 grassatores
877 2502 1092 2582 sistanturque
1120 2502 1259 2583 cujusvis
1286 2506 1413 2585 generis

223 2590 447 2671 populationes
465 2609 502 2656 ac
517 2590 697 2655 latrocinia.
722 2589 765 2652 Et
781 2595 880 2668 certe,
905 2590 1007 2656 sicubi
1029 2589 1130 2669 fuerit
1151 2592 1218 2656 sive
1241 2592 1282 2656 ab
1302 2593 1412 2657 iucen-

223 2678 345 2758 diariiS,
368 2678 435 2744 sive
453 2678 651 2745 vastatoribu
666 2677 934 2757 squibuscunque,
957 2677 1044 2744 facta
1065 2678 1099 2742 in
1120 2697 1255 2759 regnum
1277 2680 1413 2761 irruptio

224 2766 274 2831 vel
299 2767 345 2832 vis
370 2786 389 2831 a
412 2766 591 2832 latronibus
621 2765 758 2847 cuipiam
788 2765 894 2846 illata,
924 2766 970 2830 ita
994 2773 1029 2831 ut
1052 2765 1216 2848 spolietur,
1241 2769 1413 2847 saucietur,

224 2854 372 2936 capiatur
391 2855 580 2933 trucidetur,
604 2859 670 2917 tum
694 2853 735 2917 ad
758 2853 895 2933 primam
919 2855 1004 2935 passi
1027 2854 1176 2933 injuriam
1201 2861 1257 2922 aut
1278 2856 1413 2920 alterius
1446 2855 1449 2866 '

224 2943 417 3023 spectatoris
440 2960 560 3020 vocem,
593 2941 641 3006 vel
668 2940 928 3023 conclamatione,
959 2943 1009 3007 vel
1033 2942 1117 3008 aeris
1141 2945 1287 3025 campani
1309 2945 1412 3026 pulsu,

193 3031 195 3036 '
224 3031 348 3110 signum
372 3031 443 3096 dari
468 3031 555 3109 leges
573 3019 599 3105 ⁸)
619 3027 743 3108 jubent.
768 3030 836 3107 Quo
860 3031 980 3111 audito,
1004 3036 1133 3096 tenetur
1149 3033 1338 3112 gravissima
1354 3034 1413 3098 sub

224 3136 339 3200 poena,
364 3118 481 3185 vicinia
504 3119 616 3196 omnis,
640 3119 832 3198 praesertim
855 3117 917 3183 loci
941 3118 1095 3198 dominus,
1124 3120 1199 3199 quin
1224 3125 1256 3185 et
1279 3121 1413 3200 quisque

224 3206 345 3284 obvius,
370 3208 511 3287 arreptis
535 3206 632 3271 armis
656 3222 838 3285 accurrere,
863 3224 955 3287 opem
978 3205 1075 3286 ferre,
1100 3206 1161 3273 vim
1184 3208 1216 3273 vi
1239 3226 1412 3290 opponere,

224 3293 384 3373 conjectos
408 3294 547 3374 denique
570 3295 602 3358 in
629 3292 737 3373 fugam
760 3295 956 3375 praedones,
985 3295 1146 3375 tantisper
1169 3296 1244 3361 dum
1267 3314 1413 3378 compre-

222 3381 413 3462 hendantur,
429 3382 589 3462 persequi.
608 3380 712 3447 Sinin
729 3399 804 3447 arce
820 3381 936 3462 aliqua,
954 3381 1095 3460 castello,
1113 3383 1228 3464 oppido
1245 3390 1411 3466 receptum

224 3469 247 3535 ii
269 3468 444 3535 habuerint
465 3487 526 3534 nec
551 3469 651 3535 dediti
674 3470 796 3549 absque
819 3487 909 3533 mora
925 3471 1053 3550 fierint,
1078 3471 1164 3537 locus
1180 3491 1198 3537 a
1214 3491 1410 3552 persequen-

223 3556 309 3622 tibus
333 3559 469 3638 cingitur
493 3564 525 3622 ot
548 3576 601 3623 res
626 3557 726 3622 omnis
750 3557 790 3621 ad
814 3559 996 3639 provinciae
1018 3558 1201 3639 praefectos
1217 3560 1410 3625 enuntiatur.

224 3645 336 3709 Moniti
359 3646 414 3724 illi,
449 3644 640 3712 festinanter
668 3647 879 3726 provinciales
909 3651 1045 3725 armant,
1082 3653 1116 3711 et
1145 3648 1220 3712 dum
1243 3649 1312 3712 Rex
1342 3649 1412 3730 ipse

223 3732 272 3797 vel
295 3734 514 3814 Burggravius
539 3734 724 3814 Supremus,
749 3735 825 3814 quid
847 3751 944 3814 porro
968 3733 1039 3799 fieri
1062 3735 1239 3815 conveniat,
1267 3755 1306 3801 ex
1329 3737 1412 3802 Con-

222 3820 343 3886 sistorii
365 3822 534 3887 sanctioris
557 3821 687 3887 consilio
712 3822 888 3897 decernat,
924 3823 957 3886 in
988 3823 1049 3887 loci
1072 3823 1237 3888 obsidione
1267 3825 1411 3889 haerent.

225 3908 328 3988 Hujus
352 3927 478 3989 quoque
503 3910 576 3975 olim
592 3909 699 3975 fuerat
714 3911 865 3990 muneris,
883 3916 1057 3976 conventus
1072 3927 1143 3975 cum
1163 3912 1411 3998 provincialibus

223 4015 281 4077 pro
304 4015 342 4061 re
365 4003 441 4062 nata
464 3997 590 4078 agitare
618 4003 652 4063 et
672 3998 862 4065 necessariis
886 3998 1047 4066 districtui
1069 4016 1126 4063 suo
1151 4000 1190 4064 de
1213 4001 1311 4066 rebus
1335 4019 1408 4066 con-

223 4084 411 4151 sultationes
434 4086 570 4165 habere;
596 4085 653 4150 sed
676 4086 873 4167 posteriores
890 4086 997 4168 Reges
1019 4086 1203 4153 facultatem
1225 4087 1287 4155 hoc
1309 4107 1410 4168 genus

222 4172 300 4254 ipsis
326 4174 525 4255 eripuerunt.

326 4367 349 4432 ¹)
382 4367 449 4434 Cap.
475 4366 551 4421 XVI.
589 4364 613 4433 ²)
647 4366 774 4433 Ilagocus
803 4365 830 4419 in
859 4382 921 4419 ann.
952 4365 1031 4424 1442.
1066 4365 1091 4433 ³)
1121 4367 1217 4424 Comit.
1245 4385 1306 4424 ann.
1338 4370 1413 4425 1547.

225 4431 250 4504 ²)
269 4435 357 4505 Regni
375 4437 520 4492 Constitut.
539 4439 571 4493 L.
593 4441 635 4507 16,
655 4442 696 4506 18,
716 4439 758 4495 lb

1172 4536 1213 4606 17
