3212 5008
485 429 538 487 nn.
557 429 695 500 xxxxv,
713 429 827 484 xxxv.
845 435 873 484 et
891 429 1019 486 xxxvi.
1299 434 1338 502 61

146 569 306 738 demnari)
325 569 454 641 debeat.
489 568 593 650 Igitur
615 567 790 649 penultimo
819 569 888 635 loco
924 569 965 633 de
996 569 1143 651 expensis
1174 569 1342 651 subjicitur

249 748 433 828 Expensae,
463 743 643 822 dequibus
670 743 722 808 hic
756 744 926 824 loquimur,
955 745 1033 810 nihil
1064 747 1148 810 aliud
1181 750 1255 811 suut
1282 746 1342 809 nisi

147 841 296 917 sumptus
305 830 581 906 necessarii,=lacti
597 831 629 895 in
638 831 758 912 judicio
771 832 930 898 circalitis
939 835 1197 914 prosecutionem
1207 825 1260 912 (Ο.
1271 825 1342 914 19.)

248 923 428 1004 Expensae,
460 937 543 1002 quae
566 918 647 984 fiunt
679 924 772 984 extra
790 921 955 1000 judicium,
988 923 1074 986 circa
1102 940 1171 986 rem
1194 923 1342 988 mobilem

149 1011 201 1077 vel
224 1011 430 1090 immobilem,
461 1013 536 1074 sunt
561 1013 618 1072 aut
639 1009 851 1089 necessariae,
882 1027 964 1088 quae
998 1010 1025 1074 si
1047 1028 1110 1074 non
1132 1009 1258 1084 fierent,
1290 1028 1344 1075 res

147 1095 237 1166 esset
270 1100 397 1166 omnino
430 1097 585 1179 peritura,
615 1097 665 1161 vel
696 1096 841 1162 deterior
871 1098 995 1177 tutura3
1031 1104 1089 1163 aut
1118 1098 1223 1179 utiles,
1260 1117 1342 1179 quae

147 1207 219 1253 rem
253 1187 375 1253 faciunt
408 1185 584 1264 meliorem,
622 1190 655 1250 et
693 1183 888 1251 deteriorem
924 1203 996 1250 esse
1030 1204 1092 1251 non
1128 1187 1252 1264 sinunt;
1288 1193 1343 1250 aut

147 1277 367 1356 voluntariae,
402 1292 486 1354 quae
516 1291 584 1336 rem
615 1277 786 1352 exornant,
818 1279 854 1338 ut
884 1275 1047 1355 picturae,
1082 1275 1206 1354 viridia,
1239 1293 1342 1354 aquae

148 1366 304 1429 salientes
327 1370 387 1429 eto.
1405 1418 1409 1430 .

249 1451 419 1532 Expeusas
453 1453 580 1515 taxatas
616 1455 649 1513 ct
686 1448 869 1529 juramento
899 1450 1029 1515 victoris
1060 1451 1224 1532 probatas,
1260 1449 1344 1516 omni

147 1539 242 1604 modo
276 1542 379 1604 victus
402 1544 533 1604 tenetur
563 1534 745 1616 refundere,
778 1538 839 1602 uisi
869 1537 1045 1617 legitimam
1075 1556 1113 1603 ac
1144 1540 1343 1620 probabilem

150 1627 298 1707 litigandi
322 1646 451 1692 causam
475 1624 627 1691 habuerit
651 1616 733 1702 (Jua
758 1625 856 1693 Proo.
882 1625 927 1690 M.
953 1620 1003 1706 7.)

248 1715 286 1778 ln
303 1732 402 1780 causa
418 1731 631 1795 expensarum
649 1712 812 1793 judicialis
828 1711 865 1777 fit
892 1714 1024 1793 taxatio,
1044 1720 1077 1778 et
1095 1715 1121 1778 si
1138 1733 1214 1795 pars
1231 1715 1344 1780 victrix

150 1802 307 1883 ejusmodi
339 1803 494 1868 taxationi
521 1801 757 1879 reclamaverit,
782 1801 961 1880 dixeritque
994 1820 1028 1866 se
1058 1803 1129 1883 plus
1160 1803 1343 1867 necessario

148 1892 349 1972 expendisse,
377 1911 413 1956 eo
437 1892 470 1954 in
493 1907 569 1954 casu
593 1906 652 1968 per
672 1889 812 1966 judicem
836 1892 866 1954 ei
885 1889 1105 1970 juramentum
1129 1891 1283 1955 defertur.

250 1979 330 2044 Pars
354 1981 484 2044 vincens
512 1978 598 2041 intra
620 1976 697 2041 XIV
721 1976 799 2057 dics,
831 1983 1001 2058 postquam
1031 1978 1097 2043 lata
1120 1981 1281 2044 sententia
1313 1979 1343 2042 in

147 2086 218 2132 rem
244 2067 421 2149 judicatam
455 2064 615 2144 transivit,
645 2070 772 2145 partem
807 2066 922 2130 victam
954 2066 996 2129 ad
1032 2066 1186 2145 judicium
1216 2067 1343 2131 decem·

146 2158 252 2221 virum
283 2147 361 2235 (quo
389 2155 470 2219 haec
499 2152 582 2217 actio
613 2152 653 2217 de
688 2153 768 2218 lure
792 2152 887 2234 Prag.
911 2152 1066 2233 pertinet)
1090 2156 1201 2233 citare,
1239 2161 1272 2219 et
1305 2157 1344 2218 de

151 2244 300 2324 expensis
335 2243 504 2308 convenire
537 2241 643 2320 debet,
675 2241 750 2305 dum
786 2245 893 2308 tamen
933 2241 1199 2321 protestationem
1234 2233 1343 2323 (quam

151 2349 213 2397 nos
248 2329 376 2394 outoi
408 2323 575 2407 vocamus)
604 2328 636 2392 in
668 2329 754 2395 dicto
786 2328 904 2409 judicio
942 2331 1141 2411 tempestive,
1171 2336 1343 2410 antequam

153 2439 213 2502 pro
249 2438 284 2484 se
317 2420 386 2484 lata
408 2417 568 2483 sententia
604 2418 638 2481 iu
661 2434 758 2481 causa
790 2417 968 2500 principali,
999 2418 1039 2482 ad
1069 2436 1138 2482 rem
1168 2417 1345 2497 judicatam

152 2508 351 2588 transiverit,
375 2507 560 2586 interponat
582 2495 635 2584 (O.
660 2495 732 2586 14.)

256 2594 306 2660 De
326 2595 401 2675 jure
417 2593 509 2659 Civili
531 2591 616 2658 idem
637 2593 746 2673 judex,
763 2595 818 2672 qui
841 2595 872 2658 in
890 2611 987 2658 causa
1003 2594 1172 2675 principali
1189 2595 1346 2675 cognovit,

155 2701 283 2764 quoque
297 2683 362 2748 fert
377 2681 569 2755 sententiam
586 2680 626 2745 de
643 2682 801 2762 expensis
827 2682 970 2762 inprimis
995 2683 1021 2745 si
1041 2682 1139 2748 luerit
1154 2683 1344 2762 requisitus,

155 2791 231 2836 narn
264 2772 376 2836 sinon
402 2769 597 2851 judicaverit
625 2769 719 2834 simul
750 2770 790 2834 de
820 2771 978 2850 expensis,
1007 2770 1081 2834 illae
1111 2770 1246 2852 amplius
1280 2771 1347 2851 peti

156 2879 220 2926 non
243 2863 386 2940 possunt.
411 2859 514 2937 Quum
530 2857 613 2922 enim
629 2858 711 2922 tales
727 2875 888 2939 expensae
905 2861 1009 2921 ortum
1026 2857 1200 2924 habuerint
1214 2865 1348 2940 propter

154 2948 257 3028 litem,
285 2947 438 3012 finiuntur
468 2952 501 3012 et
524 2947 703 3010 moriuntur
727 2963 796 3010 cum
819 2947 890 3026 ipsa
913 2946 978 3027 lite,
1008 2965 1068 3027 per
1091 2948 1251 3027 regulam:
1280 2947 1347 3028 ,Ne

155 3036 195 3101 lis
220 3037 344 3101 oriatur
367 3054 406 3100 ex
429 3023 514 3100 lite.“
1056 3099 1061 3105 .

258 3123 427 3189 Sententia
455 3123 496 3188 de
526 3122 684 3203 expensis,
717 3122 757 3185 ad
788 3122 930 3186 triduum
961 3123 1138 3186 executioni
1168 3123 1339 3187 mandatur

159 3230 221 3278 nec
244 3217 435 3293 expectatur
457 3211 535 3276 XIV
552 3213 631 3289 dies
655 3215 691 3274 ut
714 3209 746 3273 in
770 3228 867 3274 causa
890 3209 1058 3290 principali
1082 3209 1198 3289 (015.
1216 3175 1349 3298 adsta.)

260 3315 350 3368 Causa
369 3313 488 3367 efficiens
508 3329 688 3381 expensarum
708 3319 749 3366 est
768 3312 801 3366 lis
823 3313 991 3380 principalis,
1010 3313 1083 3366 circa
1102 3313 1178 3379 capris
1193 3313 1349 3380 judicialem

158 3385 376 3453 prosecutionem
396 3393 460 3438 sunt
478 3384 576 3438 factae.
643 3435 648 3442 .

260 3457 415 3524 Subjoctum
434 3462 497 3510 sunt
517 3455 563 3523 jus
591 3463 619 3509 et
637 3455 760 3526 materia,
786 3473 880 3510 aurum
908 3454 949 3507 vel
970 3462 1120 3524 argentum,
1146 3456 1173 3508 in
1199 3472 1268 3525 qrrae
1288 3471 1348 3523 par·

156 3529 305 3584 solvuntur.

257 3600 398 3667 ObJ'ectum
418 3607 551 3667 estpars,
571 3599 614 3651 cui
634 3597 824 3654 refunduntur.

257 3673 365 3740 Forma,
385 3671 457 3739 quod
471 3672 534 3739 jure
548 3671 662 3724 actionis
682 3675 709 3722 et
726 3669 815 3724 officio
830 3667 931 3736 judicis
945 3676 1077 3735 petuntur
1096 3687 1127 3722 ac
1151 3669 1345 3736 persolvuntur.

255 3743 331 3795 Finis
351 3751 401 3811 est,
419 3750 450 3795 ut
462 3743 599 3796 temeritas
612 3742 774 3808 litigantium
790 3748 977 3807 compescatur
997 3749 1023 3793 et
1036 3743 1121 3794 victor
1134 3757 1210 3794 suum
1232 3740 1347 3806 ricipiat.

638 3923 701 3994 Dc
726 3933 868 3992 arnosto.

566 4062 756 4126 Titulus
790 4059 939 4123 XXXVI,

258 4180 340 4258 Quia
369 4182 400 4245 iu
424 4179 486 4248 fine
516 4179 610 4260 hujus
637 4196 807 4260 processus
836 4179 867 4242 in
899 4180 1037 4240 mentem
1062 4175 1157 4254 vonit,
1189 4194 1288 4256 supra
1318 4176 1349 4240 in

158 4269 264 4335 Titulo
302 4270 343 4334 de
379 4271 529 4335 citatione
557 4267 676 4331 nullam
708 4268 900 4331 mentionem
937 4265 1054 4328 arresti
1088 4283 1146 4328 seu
1188 4264 1348 4328 citationis

159 4359 265 4439 realis,
290 4363 347 4422 aut
369 4359 476 4439 potius
503 4375 652 4423 manuum
676 4354 867 4435 injectionis,
892 4371 963 4417 esse
983 4352 1110 4430 factam,
1135 4359 1169 4417 et
1193 4351 1349 4432 ejusmodi

162 4453 286 4512 arresta
326 4447 359 4511 in
381 4445 450 4512 foro
482 4454 592 4512 nostro
621 4463 684 4509 non
718 4461 853 4525 parvum
884 4459 975 4506 usum
998 4439 1153 4506 babeant:
1188 4444 1351 4521 postremo
