3270 5020
558 398 725 465 Respublica
744 399 862 466 Bojema.
882 397 948 464 Gap.
968 397 1042 451 XVI.
1331 396 1391 465 271

208 542 324 619 partim
349 539 638 620 consuetudinario,
670 558 740 602 eum
773 538 813 603 de
844 540 948 604 causis
978 540 1073 619 paulo
1101 543 1175 603 aute
1199 540 1393 619 memoratis,

209 639 275 696 tum
308 629 405 695 etiem
435 628 475 691 de
502 629 593 692 factis
617 628 860 711 provincialium
885 627 1110 705 contractibus
1142 647 1180 691 ex
1204 627 1396 707 obligatione

210 723 276 785 sive
312 717 436 781 verbali
472 719 537 782 sive
570 715 844 797 chirographaria,
881 737 919 782 ex
955 717 1107 798 stipulatu
1143 736 1202 796 pro
1237 715 1313 780 dote
1349 718 1398 804 vel

210 812 318 872 mutuo
342 805 529 885 repetendo,
565 806 604 868 de
640 804 850 870 retundendis
883 809 915 870 11
952 806 1040 872 111111
1072 805 1232 884 expensis
1268 808 1334 868 tum
1358 805 1398 870 de

209 894 409 962 condictione
433 912 472 957 ex
496 895 613 958 delicte
639 895 685 958 uis
708 893 853 974 privatae
878 895 1025 975 cujusvis
1056 896 1199 972 itemque
1230 911 1291 955 non
1322 893 1396 958 red-

210 985 272 1048 diti
292 987 364 1065 post
387 981 658 1047 denuntiationem
682 982 807 1062 fugitivi
827 977 862 1062 ¹),
888 984 1023 1064 aliisque
1046 982 1214 1047 nonnullis,

307 1070 471 1150 Optantur
494 1089 589 1151 porro
610 1071 734 1150 judices
752 1071 790 1132 in
814 1071 906 1150 hujus
929 1073 990 1136 loci
1014 1071 1158 1150 collegia,
1181 1070 1309 1148 Pragae
1327 1072 1395 1150 qui-

214 1161 285 1224 dem
310 1179 329 1222 a
351 1160 548 1237 Burggravio
571 1159 726 1238 Pragensi
750 1178 898 1238 supremo
930 1152 965 1234 (a
996 1179 1057 1240 quo
1089 1159 1236 1224 similiter
1266 1165 1299 1223 et
1327 1159 1397 1240 ipse

209 1248 329 1314 consilii
353 1265 487 1327 praeses
511 1250 594 1313 arcis
618 1248 791 1326 Progensis
814 1248 1042 1328 Burggravius,
1074 1248 1127 1328 qui
1154 1249 1257 1310 minor
1280 1265 1395 1328 cogno-

208 1337 357 1413 minatur,
387 1335 452 1413 legi
480 1329 585 1413 solet),
618 1334 772 1400 Hradecii
803 1355 880 1400 vero
909 1355 949 1399 ex
978 1337 1109 1417 reginae
1139 1334 1395 1400 usufructuariae

210 1426 332 1490 calculo
357 1444 416 1504 per
439 1425 561 1504 Regem
586 1427 699 1506 ipsum.
723 1425 851 1489 Judicio
875 1424 948 1488 huic
971 1425 1089 1504 neutri,
1114 1431 1224 1489 eontra
1248 1442 1341 1503 quam
1364 1425 1396 1488 11

210 1514 282 1579 11111
305 1513 504 1590 observatur,
536 1521 663 1594 tempus
694 1520 817 1578 certum
845 1513 969 1594 legibus
993 1520 1043 1578 est
1068 1511 1261 1594 praefixum:
1293 1513 1396 1591 Burg-

210 1602 322 1682 gravii,
353 1607 465 1680 utpote
489 1601 660 1679 Praesidis,
692 1603 851 1667 arbitratu
875 1602 919 1679 id,
951 1603 1076 1681 quoties
1107 1608 1140 1666 et
1169 1600 1320 1681 quamdiu
1350 1606 1399 1664 est

210 1708 299 1772 opua
323 1689 558 1769 frequentatur.
584 1688 686 1754 Affine
709 1690 782 1755 huic
802 1690 922 1771 judicio
945 1691 1197 1770 Burggraviatus
1214 1687 1395 1768 Pragensis,

211 1786 260 1844 est
278 1779 432 1857 judicium
456 1777 564 1842 finimn
588 1779 815 1858 regundorum,
840 1779 934 1844 Soad
947 1781 1059 1858 111111,
1085 1777 1167 1858 quod
1190 1784 1281 1842 vetus
1305 1776 1394 1857 equi·

212 1867 285 1932 dem
309 1859 380 1931 'sed
416 1866 661 1930 ambulatorium
697 1873 756 1944 est,
792 1874 825 1932 et
848 1867 1044 1932 ordinarium
1076 1885 1115 1931 ex
1139 1865 1395 1930 extraordinario

212 1955 338 2019 demum
372 1954 412 2018 ab
446 1954 526 2035 Imp.
563 1956 653 2019 Caes.
686 1955 852 2036 Rudolpho
883 1956 974 2036 Rege
1008 1945 1100 2036 (aaa.
1132 1944 1236 2034 1600)
1270 1953 1397 2030 factum,

209 2045 365 2124 pauloque
377 2049 450 2123 post
462 2031 553 2118 (aaa
569 2035 674 2119 1601)
688 2045 727 2108 ab
742 2043 919 2109 Ordinibus
933 2045 1091 2108 universis
1106 2044 1139 2107 in
1155 2042 1290 2122 publicis
1301 2044 1394 2121 regni

210 2132 345 2198 comitiis
369 2132 616 2210 comprobatum.
653 2133 789 2212 Regitur
822 2133 902 2197 illud
934 2132 1083 2212 repetitis
1114 2150 1153 2196 ex
1184 2129 1396 2195 vetustissimo

210 2240 279 2298 usu,
314 2219 525 2300 similiterque
550 2239 653 2300 nuper
676 2220 801 2286 demum
826 2222 857 2285 11
883 2221 1028 2286 ordinem
1052 2239 1072 2285 a
1094 2219 1215 2284 Jacobo
1238 2218 1395 2282 Menssico

208 2308 348 2373 redactis
371 2308 497 2386 legibus
521 2308 744 2388 singularibus,
775 2309 991 2388 nigidiusculis
1015 2327 1090 2373 sane
1114 2307 1176 2371 11111
1199 2312 1232 2370 11
1255 2307 1394 2372 severio-

208 2397 306 2461 ribus
331 2396 370 2459 Ei
395 2396 575 2461 exercendo
600 2397 724 2475 quoties
748 2417 827 2478 opus
848 2404 897 2462 111
914 2405 947 2462 11
962 2417 1022 2478 per
1039 2397 1113 2460 1111
1128 2403 1255 2475 tempus
1269 2393 1345 2458 licet
1358 2386 1394 2473 ²),

209 2485 343 2564 Magnus
359 2484 463 2561 Regni
480 2483 616 2549 Senatus
639 2485 678 2550 ab
703 2505 741 2549 eo
766 2485 854 2564 cujus
877 2486 957 2551 tines
980 2505 1041 2565 per
1065 2485 1200 2549 vicinum
1224 2483 1396 2547 turbantur

208 2573 443 2653 interpellatus
476 2571 707 2651 Burggravium
731 2575 815 2637 arcis
837 2575 1007 2653 Pragensis
1031 2574 1168 2652 deleget,
1200 2572 1253 2651 qui
1278 2570 1397 2648 junctis

211 2661 269 2726 sibi
301 2659 425 2725 duobus
457 2659 599 2739 ejusdem
630 2661 772 2726 subsellii
796 2663 995 2740 consiliariis
1027 2662 1202 2741 excitisque
1226 2665 1398 2740 praeterea

208 2749 248 2814 ad
286 2749 369 2815 diem
398 2763 444 2812 ¹eu
481 2749 583 2814 vicina
613 2748 742 2814 Ordinis
777 2752 940 2830 utriusque
971 2750 1137 2815 nobilitate
1168 2750 1244 2813 11111
1274 2747 1397 2811 idoneis

209 2837 388 2914 dirodecim,
413 2836 454 2901 de
477 2836 594 2902 finibus
619 2839 832 2904 controversis
855 2856 1008 2919 praeseus
1031 2859 1089 2920 pro
1112 2857 1201 2903 more
1218 2841 1398 2916 cognoscat,

207 2926 426 3004 temtiuosque
462 2927 511 2990 vel
547 2933 676 2991 veteres
712 2930 862 2992 restituat
895 2928 946 2992 vel
982 2929 1007 2992 si
1042 2927 1087 2992 illi
1119 2945 1180 2991 nou
1211 2930 1398 3006 appareant,

209 3032 305 3079 novos
320 3020 451 3078 statuat.
475 3013 621 3093 Cognitio
646 3015 676 3076 11
703 3017 853 3094 tentorio,
880 3018 963 3095 quod
987 3019 1018 3081 in
1043 3015 1159 3082 actoris
1184 3033 1260 3093 agro
1283 3011 1398 3077 finibus

210 3103 427 3186 controversis,
448 3104 592 3182 proximo
616 3103 706 3167 tendi
729 3105 781 3168 lex
801 3104 904 3182 jubet,
927 3105 1039 3170 haberi
1064 3105 1103 3168 de
1126 3103 1184 3167 1111
1209 3104 1298 3167 solet.

307 3189 343 3251 V.
384 3189 537 3254 Tribunal
571 3190 761 3268 judiciorum
800 3195 1005 3258 terrestrium
1044 3193 1179 3257 alterum
1214 3196 1272 3269 est,
1311 3189 1395 3269 quod

208 3277 323 3355 Minue,
361 3277 455 3342 Sead
478 3278 613 3362 Zemalry‘
643 3279 753 3358 111111,
790 3288 931 3346 vocatur.
966 3281 1108 3345 Vocatur
1143 3286 1248 3345 autem
1283 3278 1396 3355 minue,

207 3383 277 3429 cum
317 3365 401 3444 quod
440 3365 480 3428 de
518 3367 648 3430 minoris
686 3369 838 3433 momenti
876 3370 978 3433 causis
1013 3369 1183 3448 cognoscit,
1221 3374 1288 3432 1111
1322 3366 1396 3445 quia

208 3452 340 3518 Senatui
378 3472 493 3533 magno
528 3461 656 3533 praesto
695 3461 727 3518 11
760 3457 915 3536 imprimis
951 3456 1140 3536 optimatum
1176 3456 1269 3534 regni
1298 3452 1396 3533 jussis

207 3541 341 3607 audiens
368 3561 439 3606 esse
467 3548 604 3608 tenetur.
639 3542 762 3608 Sedent
784 3545 817 3609 in
841 3544 893 3609 illo
923 3543 1078 3608 01111111
1100 3544 1190 3608 Deeb
1214 3540 1395 3624 Zemolrp'cd,

207 3648 316 3693 onmes
350 3649 389 3694 ex
425 3636 569 3694 vetustae
604 3631 779 3696 nobilitatis
813 3634 1028 3710 equestribus,
1066 3632 1134 3696 loco
1172 3632 1275 3710 primo
1311 3630 1395 3693 arcis

206 3718 377 3797 Prageusis
408 3719 638 3798 Rurggravius,
675 3721 813 3784 secundo
843 3720 1153 3797 Vico-Camerarius,
1188 3717 1284 3783 tertio
1318 3715 1394 3781 Pro-

208 3806 344 3870 Praeton
371 3825 429 3871 seu
452 3806 662 3886 Vise-ludex,
694 3810 746 3887 qui
772 3808 909 3872 consiliis
933 3810 1101 3874 tribunalis
1124 3807 1217 3885 hujus
1241 3804 1394 3871 1111111-

206 3893 299 3957 nibus
323 3895 468 3959 omnibus
492 3895 685 3974 moderatur,
724 3903 837 3975 quarto
860 3897 1081 3972 Vise-Scriba,
1118 3897 1227 3975 quinto
1252 3894 1394 3975 Reginae

207 3981 433 4062 ruandatarius,
458 3989 547 4047 sexto
571 3983 810 4049 Subeamerarii
832 3985 968 4065 legatus.
999 3985 1178 4049 Adhibetur
1202 3983 1297 4048 etiam
1322 4001 1395 4047 con-

207 4068 284 4133 siliis
315 4070 496 4136 tabularum
527 4071 630 4150 Regni
660 4072 817 4137 minorum
846 4072 968 4154 Scriba,
1001 4075 1052 4152 qui
1084 4080 1258 4154 propterea
1282 4069 1395 4135 Scriba

202 4155 314 4234 judicii
338 4158 469 4223 minoris
493 4160 573 4223 solet
588 4160 716 4239 audire;
741 4179 852 4225 verum
874 4161 902 4224 is
924 4161 1027 4226 locum
1051 4161 1150 4226 habet
1172 4161 1204 4225 iu
1230 4159 1393 4238 cathedra,

207 4263 268 4309 non
291 4244 323 4308 in
348 4246 527 4324 subselliis3
557 4254 648 4313 notat
671 4249 914 4329 consumitque,
942 4268 1024 4328 quae
1048 4256 1187 4329 aguntur
1209 4267 1269 4330 pro
1292 4247 1394 4313 tribu-

215 4372 399 4380 -—-——,

306 4433 332 4502 ¹)
351 4433 455 4503 Regist.
476 4435 690 4504 Burggraviatus
710 4438 828 4495 llradee.
864 4437 890 4506 ²)
910 4438 1006 4494 Gemit.
1027 4456 1088 4495 aun.
1109 4443 1187 4501 1585.
