3188 5008
655 437 707 491 ra.
727 436 815 490 xxu.
1292 438 1334 506 43

617 639 658 703 ΙΙ.
686 638 853 719 Regula.
950 661 964 670 ⁶

237 777 387 843 Conditio
404 779 572 844 inhonesta
588 783 622 843 et
637 778 808 860 possibilis,
826 799 908 858 (puae
929 783 979 843 est
993 755 1105 844 contra
1120 780 1333 844 substantiam

138 866 345 945 matrimonii,
370 867 515 932 dissolvit
539 867 709 948 sponsalia,
734 867 780 931 ita
804 872 840 931 ut
862 885 921 931 nec
937 873 1011 950 post
1027 872 1170 931 secutam
1189 867 1334 947 copulam

137 954 300 1019 carnalem
326 955 563 1021 confirmentur.

239 1042 461 1108 Conditionem
486 1044 687 1112 inhonestam
717 1049 750 1109 et
772 1043 955 1123 possibilem
978 1043 1121 1122 intellige
1145 1062 1228 1124 eam,
1253 1063 1335 1124 quae

138 1129 340 1195 manifestam
372 1133 463 1196 inse
494 1131 726 1212 turpitudinem
749 1131 848 1196 habet
886 1150 923 1196 ac
945 1131 1039 1196 facile
1062 1136 1169 1212 potest
1198 1133 1336 1213 impleri,

139 1222 194 1282 ut:
224 1218 406 1298 „Contraho
430 1227 544 1300 tecum,
561 1221 594 1300 ,si
612 1220 852 1300 generationem
868 1220 967 1301 prolis
983 1211 1113 1298 ei·ites,“
1140 1227 1195 1285 aut
1215 1221 1260 1300 „si
1276 1238 1334 1300 pro

139 1312 280 1384 quaestu
304 1308 548 1373 adulterandam
572 1313 605 1372 te
629 1299 769 1374 tradas“
1157 1307 1159 1311 ’

609 1507 667 1572 Ill.
693 1508 867 1588 Regula.

240 1646 390 1712 Conditio
413 1637 550 1711 honesta
579 1651 613 1711 et
634 1644 842 1727 impossibilis
871 1664 933 1710 non
959 1645 1055 1710 viciat
1079 1645 1250 1726 sponsalia,
1283 1645 1338 1709 sed

138 1733 250 1798 lavore
275 1735 469 1800 matrimonii
493 1753 638 1815 pronon
663 1735 791 1814 adJecta
817 1734 965 1813 habetur,
984 1734 1080 1798 veluti
1105 1734 1131 1797 si
1149 1733 1337 1813 quisdicat:

143 1822 301 1901 „Habebo
326 1829 359 1887 te
383 1841 442 1903 pro
466 1840 575 1902 uxore,
600 1824 627 1888 si
652 1841 723 1887 cras
752 1821 854 1886 labda
879 1822 955 1886 mihi
978 1812 1139 1887 dederis.“

507 2059 512 2067 ·
611 2019 665 2084 IV.
689 2019 861 2102 Regula.

163 2142 166 2149 ¹
247 2131 396 2223 (lauditio
409 2127 580 2223 inhonesta
591 2163 625 2222 et
635 2131 840 2237 impossibilis
855 2157 980 2224 ratione
996 2156 1190 2222 matrimonii
1202 2157 1341 2222 habetur

143 2263 204 2325 pro
222 2263 285 2310 non
303 2245 441 2326 adjecta,
458 2250 509 2310 ut:
537 2246 679 2326 „Ducam
692 2249 734 2324 te,
749 2245 846 2326 siper
864 2244 1000 2309 Turcam
1018 2243 1117 2308 fueris
1133 2237 1337 2325 prostituta.“

621 2445 659 2507 V.
683 2443 853 2524 Regula.

250 2587 282 2651 Si
308 2587 377 2668 quis
395 2586 520 2650 vivente
536 2597 634 2650 uxore
652 2584 812 2651 contrahit
829 2601 899 2647 cum
918 2583 1069 2660 secunda,
1085 2582 1188 2663 prima
1204 2592 1339 2657 mortua,

146 2675 190 2739 ad
214 2694 302 2740 suum
327 2675 516 2756 petitionem
533 2693 595 2738 non
616 2673 821 2754 separabitur
845 2671 1028 2736 asecunda.
1054 2670 1146 2736 Licet
1167 2691 1282 2754 nenrpe
1306 2675 1337 2738 in

145 2759 522 2842 (larionibus'hnbeatur,
548 2766 583 2825 ut
605 2763 709 2826 nullus
733 2760 861 2842 copulet
883 2758 1104 2842 matrimonio‚‘
1130 2778 1225 2838 quam
1246 2762 1337 2840 prius

144 2851 308 2932 polluerat
333 2850 505 2930 adulterio,¹
528 2856 562 2914 et
588 2850 674 2913 illam
699 2851 845 2927 maxime,
875 2849 926 2912 cui
948 2847 1044 2912 fidem
1067 2847 1212 2925 dederat,
1239 2869 1337 2914 uxore

144 2958 205 3004 sua
232 2939 376 3019 vivente,
402 2939 451 3002 vel
482 2957 563 3018 quae
591 2937 773 3002 machinata
804 2941 854 3000 est
883 2937 914 2998 in
945 2941 1079 3000 mortem
1107 2937 1232 3000 uxoris:
1263 2940 1339 3017 quia

145 3033 256 3092 tamen
271 3027 419 3108 praefate
434 3028 549 3091 mulier
566 3031 637 3090 erat
653 3025 762 3102 inscia,
780 3023 863 3103 quod
880 3024 932 3087 ille
947 3025 1042 3088 aliam
1056 3043 1187 3090 uxorem
1203 3024 1339 3112 haberet

147 3115 318 3195 viventem,
343 3116 414 3180 ideo
438 3113 601 3194 indignum
627 3113 763 3192 videtur,
787 3117 822 3175 ut
837 3112 1024 3192 praedictus
1047 3113 1104 3194 vir,
1130 3114 1183 3194 qui
1199 3113 1339 3179 scienter

143 3209 258 3268 contra
281 3203 429 3269 Oenones
454 3206 596 3282 venerat,
620 3201 745 3265 lucrum
769 3200 809 3264 de
832 3217 888 3264 suo
912 3199 984 3264 dolo
1008 3205 1164 3281 reportet.

616 3398 671 3463 Vl.
694 3395 865 3476 Regula.

244 3535 305 3614 Qui
327 3537 453 3605 vivente
478 3554 615 3601 uxorea
639 3554 672 3599 se
696 3539 849 3614 separata
872 3537 976 3614 quoad
1000 3537 1136 3617 thorum,
1163 3537 1335 3602 secundam

145 3624 242 3704 hujus
264 3625 313 3688 rei
337 3626 496 3689 consciam
520 3625 608 3689 ducit
631 3641 773 3702 uxorem,
799 3623 871 3687 talis
896 3624 991 3688 etiam
1021 3625 1193 3690 secundam
1217 3624 1338 3691 habere

144 3731 208 3777 non
240 3717 358 3792 potest,
390 3713 445 3776 sed
478 3712 628 3776 adulterii
658 3712 876 3791 poenitentiae
908 3712 1063 3791 subJaeet.
1101 3713 1255 3780 Similiter
1286 3714 1339 3794 qui

145 3800 272 3864 vivente
296 3818 395 3865 uxore
424 3799 576 3881 legitima,
609 3819 679 3865 cum
711 3800 852 3864 secunda
885 3799 1047 3866 contrahit
1079 3801 1236 3880 adultera,
1268 3820 1340 3866 eam

144 3888 252 3967 prima
275 3893 401 3953 mortua
424 3888 544 3953 habere
576 3909 638 3954 non
662 3891 779 3968 potest,
820 3887 915 3951 etiam
946 3889 974 3952 si
1008 3890 1100 3969 longo
1136 3896 1281 3971 tempore
1311 3891 1338 3955 ei

145 3973 375 4040 Oonhabitavit
398 3984 430 4041 et
448 3975 528 4040 filios
552 3994 646 4041 exea
663 3975 814 4054 suscepit.
839 3975 883 4038 Et
906 3976 979 4040 talis
1002 3977 1150 4058 publicae
1172 3979 1336 4059 poeniten·

144 4063 212 4128 tiae
237 4062 415 4143 subjicitur,
440 4084 478 4129 ac
502 4070 658 4146 perpetuo
683 4061 753 4126 sine
777 4061 841 4127 ulla
865 4082 921 4144 spe
946 4066 1084 4146 coniugii
1106 4073 1283 4148 permanet.

245 4175 294 4238 De
313 4174 387 4254 jure
411 4175 570 4240 Caesareo
605 4173 651 4236 vir
675 4171 796 4236 habens
828 4171 908 4236 duas
939 4192 1062 4255 uxores,
1092 4195 1153 4240 non
1178 4175 1280 4240 solum
1304 4177 1340 4240 fit

143 4261 282 4340 infamis,
307 4281 417 4328 rerum
453 4265 549 4328 etiam
585 4280 690 4344 poena
719 4261 822 4340 stupri
856 4263 995 4341 punitur.
1021 4264 1126 4328 Hodie
1161 4268 1268 4328 autem
1299 4284 1338 4328 ex

143 4348 316 4415 Constitut.
348 4350 455 4414 Caroli
479 4351 584 4430 Quinti
614 4355 647 4414 et
679 4349 719 4414 de
763 4359 953 4415 urenostro
986 4351 1175 4430 decollatum
1213 4352 1239 4415 si
1265 4371 1339 4416 uero

143 4444 194 4504 est
209 4437 335 4518 nauiter,
368 4443 436 4514 tum
449 4440 530 4532 riva
554 4440 704 4512 humatur
731 4365 759 4514 f
760 4434 839 4500 Vide
855 4437 918 4502 Jua
937 4438 1037 4532 Prop.
1058 4439 1117 4504 aab
1132 4439 1178 4507 lit.
1193 4439 1237 4504 M.
1253 4431 1338 4521 dd).
