3212 5008
229 369 233 376 ἢ
272 421 315 487 70
746 418 778 472 V.
799 415 1010 484 Ophthnlmius.'

378 557 440 621 Est
452 555 543 620 naa
565 556 618 622 lex
639 573 704 621 non
727 556 857 636 scripta,
889 554 946 620 sed
970 557 1056 632 nata,
1081 574 1176 635 qnam
1200 575 1263 621 non
1287 555 1475 638 didicimus

279 645 472 726 accepimus,
505 662 615 708 verum
645 662 686 710 ex
715 647 834 709 natura
868 644 940 724 ipsa
971 642 1174 724 arripuimus,
1203 644 1376 725 hausimus
1410 664 1475 710 ex·

278 733 462 814 pressimus,
488 734 524 795 ut
546 730 574 796 si
592 727 657 796 vita
680 737 791 797 nostra
813 732 846 796 in
862 731 985 810 aliquas
1008 731 1149 810 insidias,
1174 732 1202 798 si
1216 733 1248 797 in
1264 735 1336 812 vim,
1353 734 1385 796 in
1401 733 1476 797 tela

277 822 436 886 latronum
459 824 517 885 aut
544 819 743 885 inimicorum
768 818 943 898 incidisset,
973 819 1075 884 omnis
1108 820 1191 886 ratio
1214 822 1350 887 honesta
1382 826 1478 885 esset

275 907 497 989 expediendae
508 906 629 972 salutis.
644 907 711 972 Imo
724 908 786 974 duo
799 912 874 972 sunt
885 907 1061 986 injustitiae
1075 926 1212 987 genera:
1227 911 1331 975 Unum
1346 927 1476 988 eorum,

278 997 332 1079 qui
353 995 509 1074 inferunt3
535 994 673 1059 alterum
689 1012 810 1074 eorum,
827 996 881 1075 qui
905 995 1026 1059 illatam
1049 994 1198 1074 iniuriam
1222 1017 1242 1062 a
1264 1016 1299 1062 se
1313 1014 1376 1062 non
1392 1013 1473 1078 pro-

276 1084 414 1166 pulsant.
445 1083 506 1162 Qni
529 1101 644 1164 nempe
667 1100 703 1148 se
726 1101 789 1149 non
813 1081 957 1149 defendit
985 1101 1046 1147 nec
1069 1083 1196 1150 obsistit
1218 1083 1366 1166 injuriae,
1394 1083 1475 1147 durn

277 1176 393 1253 potest,
406 1175 472 1237 tam
484 1174 534 1236 est
544 1173 577 1236 in
590 1171 677 1251 vitio,
688 1189 726 1237 ao
737 1171 765 1235 si
777 1177 939 1251 parentes,
952 1171 1072 1236 amicos
1085 1177 1141 1236 ant
1151 1173 1291 1253 patriam
1304 1173 1473 1254 proderet.

711 1384 775 1455 De
802 1383 839 1455 oi
856 1382 1015 1482 priuato.

375 1524 433 1589 Vis
455 1524 583 1605 privata
599 1523 818 1600 committitur,
836 1522 963 1602 qnando
980 1522 1051 1603 quis
1067 1521 1135 1587 sina
1152 1523 1260 1602 armis,
1285 1521 1318 1586 in
1334 1521 1471 1588 alterius

275 1631 330 1684 res
353 1611 404 1678 vel
426 1629 543 1692 corpus
573 1611 726 1692 impetum
751 1609 846 1688 facit;
879 1614 915 1674 ut
938 1609 964 1674 si
995 1611 1064 1690 quis
1092 1610 1125 1675 id
1150 1611 1234 1690 quod
1264 1610 1325 1676 sibi
1357 1609 1469 1675 deberi

280 1705 382 1784 putat,
418 1717 480 1764 non
515 1699 600 1781 apud
633 1697 784 1778 judicem,
819 1699 876 1763 sed
910 1716 1007 1762 manu
1040 1715 1098 1762 sua
1130 1703 1289 1779 reposcat,
1334 1698 1471 1779 aliisque

278 1789 405 1870 eripiat.
430 1787 490 1853 Vel
512 1787 627 1868 siquis
652 1786 722 1852 sine
741 1785 861 1865 judicis
882 1787 1056 1850 autoritate
1079 1804 1132 1852 res
1155 1785 1310 1851 debitoris
1323 1792 1470 1867 occupet,

280 1875 529 1956 bonalitigiosa
550 1893 610 1958 per
629 1874 770 1957 judicem
794 1872 934 1953 sigillata
956 1878 1082 1938 reseret
1105 1880 1138 1938 et
1160 1873 1264 1954 sigilla
1285 1875 1415 1955 publica
1438 1873 1471 1938 in

277 1965 359 2047 jnrie
393 1967 610 2044 contemptum
644 1963 775 2028 laceret.
811 1961 856 2026 Et
877 1960 952 2028 talis
983 1961 1070 2042 apud
1092 1979 1151 2027 nos
1183 1979 1321 2042 poenam
1356 1962 1471 2043 capitis

280 2050 417 2118 incurrit
446 2043 509 2129 (D.
532 2042 616 2132 38.)
652 2052 702 2116 De
725 2048 804 2114 Jure
839 2049 924 2114 civili
946 2050 1090 2115 Romano
1125 2051 1173 2115 vis
1208 2050 1337 2130 privata
1371 2051 1471 2116 tertia

279 2145 373 2222 parta
396 2138 552 2205 bonorum
575 2145 608 2204 et
630 2136 761 2203 infamia
783 2137 965 2203 mulctatur.

319 2261 327 2274 .
375 2228 449 2294 Huc
466 2227 609 2308 pertinet
628 2225 726 2292 enam
743 2242 902 2304 excessus,
919 2244 1014 2305 quem
1028 2225 1124 2306 vulgo
1149 2225 1227 2306 obri)
1251 2225 1466 2306 appellamus3

282 2315 381 2381 veluti
414 2315 440 2378 si
464 2315 535 2394 quis
558 2314 590 2378 in
625 2313 705 2379 silva
728 2312 861 2379 alterius
894 2313 982 2395 ligna
1005 2319 1105 2387 secat,
1141 2330 1274 2394 maman
1303 2311 1472 2378 infundis

281 2402 395 2469 alienis
418 2401 566 2482 defalcat
591 2402 723 2468 arbores
746 2405 780 2466 et
802 2402 884 2466 vites
907 2401 940 2465 in
963 2401 1063 2467 vineis
1086 2399 1209 2482 effodit,
1232 2402 1264 2465 in
1287 2400 1472 2466 fluminibus

281 2493 394 2558 alienis
413 2491 569 2573 piscatur,
590 2493 646 2556 aut
661 2489 817 2555 servitute
840 2489 1012 2555 interdicta
1026 2508 1088 2555 non
1106 2489 1254 2554 abstinet.
1279 2487 1472 2569 Hujusmodi

281 2578 477 2645 mulctantur
499 2578 611 2644 decem
642 2577 811 2658 sexagenis
837 2594 1030 2659 grossorum,
1061 2581 1095 2642 et
1118 2576 1267 2642 damnum
1290 2594 1349 2658 pro
1373 2577 1472 2642 aesti-

283 2668 424 2733 matione
437 2666 555 2746 judicis
566 2683 627 2747 per
639 2683 694 2731 eos
706 2666 882 2731 resarcitur
893 2653 916 2746 (
914 2665 950 2743 Q.
965 2667 993 2731 1.
1009 2665 1095 2732 Dist.
1112 2665 1141 2731 1.
1155 2666 1218 2730 Jaa
1230 2664 1327 2731 Preo.
1343 2665 1381 2731 L.
1395 2654 1471 2746 41.)

376 2754 437 2833 Qui
466 2754 506 2820 de
529 2758 623 2821 nocte
654 2752 762 2818 taliter
786 2753 984 2834 delinquunt,
1013 2752 1091 2818 furti
1121 2752 1278 2834 supplicio
1305 2757 1469 2833 tenentur,
1588 2777 1589 2834 j

280 2842 450 2908 siluerint
473 2841 592 2909 subditi
614 2832 696 2922 (Joa
719 2841 816 2906 Proo.
841 2841 878 2906 L.
904 2836 978 2922 43.)
1219 2837 1228 2850 '
1588 2853 1589 2878 ¹

378 2930 440 3009 Qui
462 2928 608 2996 terminis
630 2930 725 2995 motis
749 2929 859 2995 etalio
881 2929 948 2994 sine
965 2926 1161 3011 possessoris
1184 2945 1340 2994 consensu
1363 2933 1470 2994 trans-

283 3019 368 3099 latis
393 3035 487 3098 agros
517 3017 568 3082 vel
596 3018 709 3083 fundos
732 3022 843 3096 mutat,
875 3015 1047 3082 mulctatur
1077 3012 1119 3080 20
1143 3035 1249 3096 sesag.
1273 3034 1320 3097 gr.
1356 3006 1415 3096 (Q.
1438 3017 1470 3082 2.

278 3105 366 3174 Dia.
391 3107 418 3172 1.
444 3107 507 3171 Jas
533 3107 627 3172 Prov.
653 3106 692 3171 L.
718 3096 792 3184 45.)

376 3196 425 3259 De
449 3194 530 3260 Jure
553 3193 715 3259 Caesareo
749 3211 879 3258 movens
903 3193 1056 3259 terminos
1088 3191 1196 3259 finium
1219 3209 1317 3260 causa
1340 3193 1471 3275 positos,
1587 3265 1588 3268 Ἴ

279 3281 452 3347 mulctatur
476 3282 707 3363 quinquaginta
730 3281 847 3346 aureis

524 3486 587 3557 De
611 3484 730 3556 usuras
756 3497 787 3556 ct
812 3483 964 3556 critolae
983 3483 1214 3581 portitorum.

375 3625 483 3690 Usura
505 3624 585 3689 nihil
608 3623 695 3689 aliud
719 3629 777 3704 est,
802 3625 862 3688 nisi
895 3624 928 3688 id
952 3625 1038 3705 quod
1069 3625 1117 3690 rei
1142 3629 1310 3692 mutuatae
1338 3627 1464 3692 accedit
1586 3683 1587 3693 ,

275 3711 377 3792 ipsius
411 3712 459 3776 rei
493 3729 569 3777 usus
604 3712 718 3792 gratia.
752 3711 854 3778 Nemo
885 3713 969 3778 enim
1005 3713 1130 3793 cogitur
1164 3712 1204 3775 de
1236 3715 1368 3795 proprio
1397 3734 1468 3780 esse

177 3861 179 3866 .
275 3798 447 3878 beneficus,
478 3800 504 3864 si
532 3801 619 3866 nolit.
654 3799 811 3881 Quicquid
840 3800 948 3879 itaque
978 3802 1064 3866 ultra
1094 3805 1212 3866 sortem
1239 3819 1299 3881 pro
1329 3821 1388 3867 usu
1411 3804 1468 3880 rei,

275 3891 419 3952 mutuato
443 3887 575 3969 petitur,
599 3887 632 3952 id
654 3906 714 3969 pro
737 3906 837 3953 usura
859 3887 1007 3955 habetur.

374 3977 424 4042 De
438 3977 519 4041 lure
532 3975 624 4040 Civili
640 3993 755 4042 usurae
772 3977 855 4041 aliae
871 3982 964 4041 erant
975 3977 1122 4058 maj0res‚
1139 3978 1244 4043 dictae
1258 3980 1463 4060 centesimae,

276 4085 315 4131 ex
338 4065 376 4130 eo
401 4064 485 4145 quod
509 4064 681 4131 centesimo
711 4082 818 4129 mense
843 4064 1025 4143 aequabant
1056 4070 1185 4131 sortem.
1220 4066 1313 4146 Apud
1340 4072 1465 4132 veteres
1585 4075 1586 4101 l

274 4170 388 4235 nempe
416 4169 480 4216 non
510 4169 637 4216 annuae
668 4152 751 4216 sicut
780 4152 865 4232 apud
888 4168 956 4233 nos,
990 4152 1048 4217 sed
1071 4157 1257 4219 menstruae
1281 4160 1385 4220 erant.
1419 4155 1463 4219 Et

273 4240 355 4306 tales
389 4240 484 4306 bodie
518 4240 551 4304 in
586 4239 762 4319 trajectitia
792 4238 907 4304 saltem
939 4240 1077 4321 pecunia
1106 4241 1328 4307 admittuntur.
1371 4242 1460 4308 Aliae

275 4347 351 4395 vero
374 4333 468 4394 erant
483 4327 631 4407 minores,
654 4328 819 4407 inquibus
841 4326 985 4394 illustres
1002 4330 1034 4393 in
1053 4347 1136 4395 anno
1153 4329 1193 4394 de
1213 4335 1341 4395 centnm
1357 4330 1465 4395 aureis

236 4490 240 4499 ¹
275 4422 413 4496 quatuor
441 4433 566 4495 aureos,
598 4420 796 4482 mercatores
826 4419 897 4482 octo
930 4435 1057 4499 aureos,
1093 4418 1178 4484 aliae
1208 4435 1285 4482 vero
1315 4435 1471 4498 personae
1584 4449 1585 4509 ς
