3196 5010
261 467 341 534 VIII

361 621 399 694 In
435 625 650 702 germanicum
679 625 836 690 convertit
871 645 944 691 euin
984 626 1131 705 notisque
1161 625 1345 691 illustravit·
1368 642 1448 689 enno

267 727 477 796 1792-1803
500 731 663 813 professor
679 734 851 815 Pregenus
874 737 1026 802 Cornove.

362 842 464 908 Index
488 847 626 926 capilum
654 847 882 928 „Reipublicae
898 837 1069 928 Bojeinee“
1096 847 1147 910 bio
1170 853 1240 912 est:
1263 845 1288 909 1.
1313 847 1362 910 De
1385 845 1449 910 situ

262 953 533 1034 qualitatibusque
550 956 722 1036 Bojemne.
739 955 783 1021 II.
796 958 845 1023 De
857 955 1020 1035 Bojouiiee
1037 956 1244 1036 districtibus
1262 954 1449 1037 oppidisque

263 1071 296 1130 ot
318 1064 397 1130 loeis
419 1067 605 1146 potioribus.
629 1068 687 1134 III.
712 1069 761 1132 De
785 1073 871 1134 stetu
886 1070 922 1133 B.
947 1067 1003 1154 IV.
1027 1068 1077 1133 De
1100 1069 1211 1133 ineolis
1226 1068 1262 1131 B.
1286 1070 1446 1132 eteorum

263 1174 415 1238 moribus
440 1174 477 1238 V.
502 1177 551 1240 De
568 1176 722 1254 regimine
746 1177 876 1258 politioo
899 1177 930 1242 in
948 1179 983 1242 Β.
1008 1178 1062 1244 VI.
1088 1179 1136 1243 De
1159 1176 1323 1257 religionis
1345 1182 1448 1241 mute-

262 1285 402 1350 tionibus
437 1289 471 1350 et
504 1288 660 1367 regimine
696 1289 914 1355 eeclesiastico
950 1287 983 1352 in
1017 1289 1052 1352 B.
1090 1287 1160 1352 VII.
1192 1288 1241 1352 De
1278 1286 1449 1380 provinoIIs

264 1414 401 1461 coronae
438 1397 559 1478 unitis.¹
580 1397 667 1462 VIII.
698 1400 746 1462 De
775 1400 975 1480 principibus
1005 1398 1198 1477 regibusque
1228 1398 1264 1461 B.
1305 1396 1361 1461 IX.
1399 1398 1448 1461 De

263 1505 462 1588 principibus
472 1507 747 1588 reginisqueB.X.
760 1510 809 1572 De
822 1528 955 1589 regnurn
964 1511 999 1576 B.
1009 1508 1129 1573 liberis.
1146 1507 1200 1572 XI.
1209 1510 1261 1570 De
1271 1506 1448 1572 Ordo'oiboo

263 1617 355 1704 requi
369 1619 410 1680 B.
435 1617 509 1684 XII.
534 1621 585 1683 De
602 1619 802 1705 Bojomorurn
818 1619 939 1708 lepidus
964 1607 1071 1698 (deest
1085 1619 1117 1682 in
1133 1617 1274 1682 editione
1291 1633 1319 1697 a·
1340 1608 1448 1708 1634).

263 1726 353 1792 ΧΙΠ.
378 1730 430 1792 De
452 1729 654 1814 Bojernorurn
684 1729 830 1796 comitiis.
863 1731 949 1796 XIV.
975 1732 1026 1794 De
1049 1729 1231 1794 niuneribuo
1254 1749 1311 1792 seu
1332 1724 1449 1816 officiis

260 1836 402 1920 publicis
425 1838 459 1902 o'n
483 1839 522 1903 B.
548 1839 618 1903 XV.
642 1843 694 1904 De
716 1840 928 1905 oonsilio-oon
951 1837 1141 1903 consistorio
1163 1837 1261 1924 nepio.
1286 1835 1372 1901 XVI.
1397 1839 1448 1901 De
1571 1813 1572 1882 V

265 1945 481 2035 tribunalibus
495 1949 572 2034 juri
593 1949 730 2014 dicundo
752 1950 787 2014 in
810 1951 848 2014 B.
875 1949 1061 2014 constitutio.
1087 1947 1189 2011 XVII.
1215 1947 1263 2010 De
1287 1945 1445 2025 opulentia

261 2059 295 2119 et
316 2057 461 2135 potentia
495 2058 587 2136 regni
611 2059 646 2121 B.
671 2057 788 2122 XVIII.
822 2059 871 2124 De
900 2079 937 2123 re
966 2055 1145 2122 nurninaria
1174 2061 1208 2121 et
1241 2053 1446 2135 computandi

262 2164 396 2230 rollone.
421 2165 507 2231 XIX.
532 2167 582 2230 De
597 2166 695 2247 regiis
711 2168 879 2234 reditibus.
903 2169 973 2232 XX.
998 2169 1048 2232 De
1070 2183 1180 2246 regunt
1199 2165 1284 2246 apud
1299 2163 1447 2243 Bojemos

260 2271 457 2341 funeralibus
480 2267 586 2350 (deest
608 2276 640 2339 in
665 2277 806 2341 editione
829 2297 858 2342 e.
885 2272 993 2355 1634).

725 2469 949 2476 ———-.-

359 2631 480 2697 Eodem
518 2632 644 2697 saeculo
679 2621 721 2708 (e.
760 2624 857 2710 1562)
892 2633 1038 2698 confecta
1072 2638 1122 2697 est
1161 2633 1264 2698 versio
1303 2632 1448 2696 boemios

260 2739 433 2806 Iustiniani
470 2730 759 2822 ,‚Institutionun1“,
795 2761 888 2822 quein
921 2744 952 2807 In
981 2742 1083 2808 luceru
1118 2743 1275 2807 edidimus
1320 2741 1447 2822 Progne

258 2871 288 2914 a.
315 2847 408 2917 1867.
