3196 5010
223 403 266 476 38
631 407 663 462 V.
684 406 850 474 Ophthalmii
869 405 1023 460 Processus

226 564 264 611 eo
286 545 318 610 in
335 562 411 610 casu
428 544 584 609 alterutro
601 549 737 620 mortuo,
753 562 831 624 pars
846 548 1012 625 superstes
1027 544 1170 610 succedit
1185 544 1223 614 in,
1233 545 1425 624 quadrante,

228 635 290 698 hoc
314 638 365 698 est
394 632 426 696 in
449 632 548 696 tertia
578 628 671 714 pa'rte
694 633 860 698 bonorum.
894 632 1166 698 Correlativorum
1197 634 1280 697 euim
1310 636 1427 700 eadem

229 730 280 789 est
302 721 385 802 juris
409 721 585 801 dispositio,
611 719 714 800 quoad
737 725 860 785 textum
883 722 942 786 sub
965 721 1062 785 litera
1087 722 1118 786 O.
1143 723 1197 790 44.
1221 721 1307 787 Diei.
1332 722 1361 786 1.

333 808 470 888 Quintus
510 810 588 873 ordo
627 809 865 874 succedentium
906 815 957 874 est
991 807 1070 873 fisci.
1109 808 1203 872 Nullo
1237 828 1352 891 nempe
1386 831 1428 874 ex

234 898 379 977 qualibet
402 897 565 977 sanguinis
599 897 685 961 linea
709 896 759 960 rel
778 896 861 975 juris
885 897 986 976 titulo,
1010 896 1152 976 legitimo
1169 897 1289 962 herede
1303 899 1428 974 relicte,

235 987 266 1050 id
301 989 365 1064 est,
404 1003 466 1048 non
506 985 691 1050 extantibus
734 982 1004 1050 descendentibus
1043 1002 1147 1064 neque
1180 987 1427 1052 ascendentibus

233 1092 337 1154 neque
361 1071 599 1138 collateralibus
623 1072 665 1135 ad
680 1072 836 1138 decimum
855 1091 954 1153 usque
970 1072 1115 1152 gradum,
1132 1073 1295 1138 hereditas
1310 1093 1426 1140 vacare

235 1163 370 1239 dicitur,
406 1166 440 1225 et
475 1161 515 1224 ad
549 1159 679 1234 fiscum,
714 1161 747 1225 id
784 1166 834 1225 eat
869 1162 1031 1226 aerarium
1065 1162 1199 1241 regium,
1236 1163 1429 1228 transfertur

233 1241 292 1328 (F.
316 1251 368 1314 15.
394 1249 480 1315 Diat.
505 1241 565 1324 2.).

294 1369 305 1385 ·
336 1352 467 1406 Efficiens
487 1368 570 1405 cansa
589 1351 769 1406 successionis
789 1352 823 1405 ab
843 1352 972 1406 intestato
984 1356 1057 1404 suut
1075 1367 1167 1404 omnes
1186 1351 1259 1418 leges
1279 1366 1338 1404 cam
1351 1351 1427 1418 juste

235 1423 395 1480 deferentes

338 1495 492 1563 Subiectum
517 1502 582 1550 sunt
604 1494 716 1564 legitimi
742 1494 865 1562 heredes,
891 1496 931 1548 vel
951 1494 1155 1563 descendentes,
1180 1493 1222 1547 vel
1242 1494 1428 1563 ascendentes,

234 1568 276 1622 vel
296 1567 475 1636 collaterales,
495 1576 543 1622 aut
561 1569 615 1637 alii,
636 1568 668 1621 de
688 1565 784 1634 quibus
805 1583 876 1620 nunc
896 1566 1018 1621 diximus.

335 1639 475 1706 Objectum
494 1646 558 1694 aunt
576 1656 619 1694 res
639 1637 792 1693 derelictae.

337 1712 439 1765 Forma
458 1717 508 1780 est,
527 1718 625 1766 utnon
645 1715 719 1764 extet
737 1715 937 1778 testamentum,
957 1710 998 1762 vel
1012 1710 1048 1781 id,
1061 1711 1133 1780 qnod
1145 1715 1229 1778 extat,
1242 1711 1278 1763 sit
1291 1710 1429 1779 injustum,

238 1788 286 1837 ant
305 1781 482 1851 annullatum,
501 1789 550 1836 aut
567 1782 677 1852 legitimi
696 1781 810 1835 heredes
829 1781 923 1835 ordine
941 1782 1032 1837 debito
1051 1782 1207 1836 succedant.

335 1853 413 1908 Finis
433 1859 475 1908 cst
494 1855 652 1908 universalis
671 1853 803 1907 bonorum
823 1852 1011 1907 derelictorum
1030 1854 1181 1923 acquisitio.

595 2097 658 2169 De
683 2094 821 2194 nuptiis
848 2111 879 2168 et
903 2095 1067 2169 diuortio.

687 2257 847 2324 Titulus
870 2257 974 2324 XXII.

339 2389 559 2456 praecedente
592 2389 684 2454 titulo
721 2390 841 2455 dictum
876 2394 936 2469 est,
974 2390 1198 2456 intestatorum
1233 2391 1431 2458 hereditates

240 2481 376 2562 primum
408 2480 449 2543 ad
478 2478 597 2543 liberos
627 2497 666 2541 ex
692 2477 789 2558 justis
818 2477 937 2558 nuptiis
972 2478 1076 2542 editos
1104 2480 1286 2560 pertinere3
1321 2481 1429 2559 itaquo

239 2585 438 2646 consequens
469 2571 529 2645 cst,
558 2566 634 2646 jura
665 2584 790 2645 quoquc
820 2565 1024 2645 nuptiarum,
1056 2585 1168 2631 earum
1198 2569 1343 2634 ordinem
1375 2575 1430 2632 aut

238 2655 496 2721 observationem
526 2655 566 2717 de
592 2654 665 2732 jure
690 2655 851 2718 Canonico
882 2671 1054 2734 exponere,
1086 2659 1122 2717 ut
1158 2662 1193 2721 et
1227 2656 1283 2736 illi,
1314 2657 1369 2735 qui
1397 2657 1427 2719 in

240 2742 436 2809 consistoriis
460 2742 500 2805 de
516 2741 738 2821 conjungendo
756 2740 804 2805 vel
821 2741 997 2804 dirimendo
1021 2743 1223 2809 matrimonio
1239 2744 1428 2825 disceptant,

239 2833 299 2896 hoc
322 2830 433 2894 labore
456 2834 565 2894 nostro
590 2845 714 2908 quoquc
735 2827 842 2907 juvari
864 2829 995 2908 possint

338 2917 420 2982 Sunt
442 2923 549 2982 autem
569 2916 700 2996 nuptiae
724 2915 905 2995 conjunctio
928 2916 1028 2980 maris
1057 2935 1095 2981 ac
1118 2917 1266 2998 feminae,
1297 2925 1331 2984 et
1354 2937 1427 3006 con·

241 3005 372 3071 sortium
397 3005 499 3069 omnis
517 3005 610 3084 vitae,
628 3003 726 3069 divini
742 3009 775 3069 et
790 3003 919 3068 humani
939 3003 1021 3083 juris
1037 3005 1278 3071 communicatio
1305 2999 1358 3087 (Ο.
1374 3007 1428 3072 33.

241 3083 401 3174 Danaa).
427 3093 586 3158 Dicuntur
609 3111 629 3156 a
651 3092 811 3172 nubendo,
832 3091 916 3172 quod
939 3109 1022 3156 nova
1044 3099 1146 3172 nupta
1170 3093 1302 3174 pudoris
1325 3097 1430 3174 gratia

240 3201 274 3247 se
304 3182 446 3247 obnubet
475 3181 630 3260 accolet,
658 3181 691 3244 iu
720 3180 844 3260 signum
874 3178 1093 3259 subjectionis,
1123 3186 1158 3245 ut
1185 3181 1268 3247 sciat
1297 3201 1332 3247 se
1361 3183 1429 3248 viro

237 3289 307 3336 csse
332 3268 509 3349 subjectam
533 3273 566 3332 et
589 3268 693 3332 discat
715 3286 785 3332 esse
809 3266 944 3332 humilis.

338 3356 520 3438 Syuonyma
543 3361 617 3421 sunt
638 3355 830 3436 conjugium,
846 3355 1048 3434 connubium,
1074 3358 1279 3438 consortium,
1295 3357 1429 3439 nuptiae

240 3452 296 3510 aut
318 3445 570 3522 matrimonium
588 3461 662 3508 nam
678 3443 813 3508 eandem
829 3461 897 3507 rem
914 3443 1079 3508 denotant.
1095 3445 1216 3509 'Verum
1231 3445 1430 3525 frequentius

240 3538 435 3614 usurpantur
468 3532 623 3597 vocabula
655 3531 787 3612 nuptiae
817 3537 874 3595 ant
909 3530 1156 3613 raratrimonium,
1189 3551 1323 3611 quorum
1352 3533 1429 3597 illud

238 3621 444 3686 festivitatem
467 3620 619 3700 nuptialis
639 3619 713 3696 diei,
738 3619 797 3682 hoc
821 3636 897 3683 vero
915 3623 1168 3685 consummatum
1192 3621 1429 3686 matrimonium

240 3709 369 3788 proprie
404 3706 580 3787 significem
616 3707 671 3770 aad
707 3706 886 3786 promiscue
921 3705 954 3768 in
984 3705 1058 3785 iure
1089 3708 1270 3787 capiuntur.
1305 3709 1431 3772 Dicitur

239 3799 346 3860 autem
369 3795 605 3859 matrimonium
635 3796 725 3872 quasi
742 3795 853 3858 metris
873 3793 1024 3871 munium,
1042 3793 1103 3858 hoc
1127 3800 1176 3860 est
1192 3795 1339 3876 officium,
1356 3797 1429 3875 quia

240 3883 296 3948 dat
319 3883 506 3949 mulieribus
529 3902 600 3948 esse
624 3886 752 3946 matres.
775 3882 853 3947 Ideo
877 3881 985 3961 potius
1009 3899 1028 3944 a
1052 3886 1155 3948 matre
1179 3884 1295 3949 dicitur
1318 3885 1428 3947 matri·

241 3971 390 4050 monium,
420 3988 513 4050 quam
537 3989 557 4034 a
578 3975 686 4053 patre;
718 3973 822 4033 mater
845 3988 960 4049 nempe
983 3968 1076 4048 plura
1106 3972 1299 4036 matrimonii
1331 3990 1429 4036 onera

238 4059 385 4138 sustinet,
410 4077 505 4139 quum
529 4059 571 4123 sit
595 4063 671 4122 ante
692 4065 818 4137 partum
836 4075 982 4135 onerosa,
1005 4057 1037 4120 in
1055 4065 1149 4137 partu
1175 4059 1333 4139 dolorosa,
1357 4064 1429 4141 post

240 4152 369 4231 partum
404 4147 575 4212 laboriosa.
610 4145 680 4210 Nec
713 4151 820 4209 tamen
855 4145 928 4209 ideo
963 4143 1060 4208 debet
1088 4164 1158 4212 esse
1183 4152 1281 4228 caput
1313 4148 1428 4223 mariti,

239 4236 398 4314 quianon
422 4238 472 4299 est
493 4234 580 4300 facta
603 4252 642 4298 ex
659 4234 766 4314 capite
791 4232 869 4313 ejus,
893 4251 934 4297 nc
958 4231 1123 4298 videretur
1138 4235 1277 4313 domina,
1308 4255 1368 4300 uec
1391 4254 1429 4299 ex

238 4322 334 4403 pede,
356 4341 397 4388 ne
420 4321 548 4387 omnino
571 4321 736 4386 videretur
758 4320 888 4397 famula,
912 4321 969 4386 sed
993 4339 1032 4386 ex
1056 4328 1154 4402 costa,
1178 4329 1214 4389 ut
1236 4322 1430 4389 collateralis

238 4420 296 4475 aut
318 4410 376 4475 viri
400 4410 496 4476 socia.
