<?xml version="1.0" encoding="UTF-8"?>
<!DOCTYPE html PUBLIC "-//W3C//DTD XHTML 1.0 Transitional//EN"
    "http://www.w3.org/TR/xhtml1/DTD/xhtml1-transitional.dtd">
<html xmlns="http://www.w3.org/1999/xhtml" xml:lang="en" lang="en">
 <head>
  <title>
</title>
<meta http-equiv="Content-Type" content="text/html;charset=utf-8" />
  <meta name='ocr-system' content='tesseract 3.04.00' />
  <meta name='ocr-capabilities' content='ocr_page ocr_carea ocr_par ocr_line ocrx_word'/>
</head>
<body>
  <div class='ocr_page' id='page_1' title='image "./codexjurisbohem01kingoog_0028.png"; bbox 0 0 3196 5010; ppageno 0'>
   <div class='ocr_carea' id='block_1_1' title="bbox 661 441 1056 540">
    <p class='ocr_par' dir='ltr' id='par_1_1' title="bbox 661 441 1056 540">
     <span class='ocr_line' id='line_1_1' title="bbox 661 441 1056 540; baseline 0.008 -16"><span class='ocrx_word' id='word_1_1' title='bbox 661 472 693 525; x_wconf 90' lang='lat' dir='ltr'>v.</span> <span class='ocrx_word' id='word_1_2' title='bbox 714 441 881 540; x_wconf 73' lang='lat' dir='ltr'>npurusvma</span> <span class='ocrx_word' id='word_1_3' title='bbox 900 471 1056 527; x_wconf 73' lang='lat' dir='ltr'>processus.</span> 
     </span>
    </p>
   </div>
   <div class='ocr_carea' id='block_1_2' title="bbox 918 603 1163 660">
    <p class='ocr_par' dir='ltr' id='par_1_2' title="bbox 918 603 1163 660">
     <span class='ocr_line' id='line_1_2' title="bbox 918 603 1163 660; baseline 0.012 -4"><span class='ocrx_word' id='word_1_4' title='bbox 918 603 1078 658; x_wconf 88' lang='lat' dir='ltr'>evidentiam</span> <span class='ocrx_word' id='word_1_5' title='bbox 1097 605 1163 660; x_wconf 81' lang='lat' dir='ltr'>laeti</span> 
     </span>
    </p>
   </div>
   <div class='ocr_carea' id='block_1_3' title="bbox 392 674 1304 1103">
    <p class='ocr_par' dir='ltr' id='par_1_3' title="bbox 392 674 1304 1103">
     <span class='ocr_line' id='line_1_3' title="bbox 592 674 1112 810; baseline 0.017 -89"><span class='ocrx_word' id='word_1_6' title='bbox 592 726 714 810; x_wconf 50' lang='grc' dir='ltr'><strong>ἄτεχνα,</strong></span> <span class='ocrx_word' id='word_1_7' title='bbox 730 749 779 799; x_wconf 65' lang='lat' dir='ltr'>pm</span> <span class='ocrx_word' id='word_1_8' title='bbox 792 733 879 800; x_wconf 43' lang='lat' dir='ltr'><strong>cujus·</strong></span> <span class='ocrx_word' id='word_1_9' title='bbox 918 674 1112 800; x_wconf 49' lang='lat' dir='ltr'>{gsrrtgesssronem</span> 
     </span>
     <span class='ocr_line' id='line_1_4' title="bbox 628 812 1097 879; baseline 0.021 -16"><span class='ocrx_word' id='word_1_10' title='bbox 628 829 679 879; x_wconf 92' lang='lat' dir='ltr'>qne</span> <span class='ocrx_word' id='word_1_11' title='bbox 696 812 747 866; x_wconf 89' lang='lat' dir='ltr'>fori</span> <span class='ocrx_word' id='word_1_12' title='bbox 768 832 879 868; x_wconf 89' lang='lat' dir='ltr'>consue·</span> <span class='ocrx_word' id='word_1_13' title='bbox 919 819 1097 874; x_wconf 87' lang='lat' dir='ltr'>instrumenta</span> 
     </span>
     <span class='ocr_line' id='line_1_5' title="bbox 628 884 1304 948; baseline 0.019 -13"><span class='ocrx_word' id='word_1_14' title='bbox 628 884 727 938; x_wconf 90' lang='lat' dir='ltr'>tudine.</span> <span class='ocrx_word' id='word_1_15' title='bbox 746 885 880 940; x_wconf 80' lang='lat' dir='ltr'><strong>Probatur</strong></span> <span class='ocrx_word' id='word_1_16' title='bbox 919 892 1103 946; x_wconf 81' lang='lat' dir='ltr'>successiones</span> <span class='ocrx_word' id='word_1_17' title='bbox 1122 895 1156 947; x_wconf 90' lang='lat' dir='ltr'>ab</span> <span class='ocrx_word' id='word_1_18' title='bbox 1176 895 1304 948; x_wconf 86' lang='lat' dir='ltr'>intestato</span> 
     </span>
     <span class='ocr_line' id='line_1_6' title="bbox 392 958 1156 1031; baseline 0.02 -28"><span class='ocrx_word' id='word_1_19' title='bbox 392 960 428 1031; x_wconf 77' lang='grc' dir='ltr'>Θ</span> <span class='ocrx_word' id='word_1_20' title='bbox 629 972 724 1022; x_wconf 81' lang='lat' dir='ltr'><strong>nempe</strong></span> <span class='ocrx_word' id='word_1_21' title='bbox 779 958 878 1010; x_wconf 88' lang='lat' dir='ltr'>factum</span> <span class='ocrx_word' id='word_1_22' title='bbox 920 965 1156 1030; x_wconf 82' lang='lat' dir='ltr'>praesumptiones</span> 
     </span>
     <span class='ocr_line' id='line_1_7' title="bbox 628 1033 1256 1103; baseline 0.018 -23"><span class='ocrx_word' id='word_1_23' title='bbox 628 1035 675 1080; x_wconf 81' lang='lat' dir='ltr'>urit</span> <span class='ocrx_word' id='word_1_24' title='bbox 701 1045 750 1094; x_wconf 88' lang='lat' dir='ltr'>per</span> <span class='ocrx_word' id='word_1_25' title='bbox 919 1033 1081 1088; x_wconf 87' lang='lat' dir='ltr'>delationem</span> <span class='ocrx_word' id='word_1_26' title='bbox 1106 1037 1256 1103; x_wconf 90' lang='lat' dir='ltr'>juramenti</span> 
     </span>
    </p>
   </div>
   <div class='ocr_carea' id='block_1_4' title="bbox 303 1064 1188 1163">
    <p class='ocr_par' dir='ltr' id='par_1_4' title="bbox 303 1064 1188 1163">
     <span class='ocr_line' id='line_1_8' title="bbox 303 1064 1188 1163; baseline 0.045 -40"><span class='ocrx_word' id='word_1_27' title='bbox 303 1064 480 1121; x_wconf 66' lang='lat' dir='ltr'>Probatwllsss</span> <span class='ocrx_word' id='word_1_28' title='bbox 506 1086 534 1122; x_wconf 84' lang='lat'>¹¹¹</span> <span class='ocrx_word' id='word_1_29' title='bbox 920 1105 1120 1161; x_wconf 76' lang='lat' dir='ltr'>transactiones</span> <span class='ocrx_word' id='word_1_30' title='bbox 1139 1116 1188 1163; x_wconf 88' lang='lat' dir='ltr'>etc.</span> 
     </span>
    </p>
   </div>
   <div class='ocr_carea' id='block_1_5' title="bbox 333 1137 1454 1532">
    <p class='ocr_par' dir='ltr' id='par_1_5' title="bbox 333 1137 533 1278">
     <span class='ocr_line' id='line_1_9' title="bbox 333 1137 533 1204; baseline 0.015 -15"><span class='ocrx_word' id='word_1_31' title='bbox 333 1137 444 1204; x_wconf 86' lang='lat' dir='ltr'>judiciis</span> <span class='ocrx_word' id='word_1_32' title='bbox 463 1141 533 1192; x_wconf 78' lang='lat' dir='ltr'>liram</span> 
     </span>
     <span class='ocr_line' id='line_1_10' title="bbox 339 1217 454 1278; baseline 0.035 -18"><span class='ocrx_word' id='word_1_33' title='bbox 339 1217 387 1261; x_wconf 79' lang='lat' dir='ltr'>aaut</span> <span class='ocrx_word' id='word_1_34' title='bbox 405 1227 454 1278; x_wconf 86' lang='lat' dir='ltr'>per</span> 
     </span>
    </p>

    <p class='ocr_par' dir='ltr' id='par_1_6' title="bbox 593 1279 1453 1365">
     <span class='ocr_line' id='line_1_11' title="bbox 593 1279 1453 1365; baseline 0.014 -25"><span class='ocrx_word' id='word_1_35' title='bbox 593 1279 725 1364; x_wconf 78' lang='grc' dir='ltr'>ἔντεχνα,</span> <span class='ocrx_word' id='word_1_36' title='bbox 752 1292 860 1360; x_wconf 90' lang='lat' dir='ltr'>quando</span> <span class='ocrx_word' id='word_1_37' title='bbox 888 1294 1010 1348; x_wconf 82' lang='lat' dir='ltr'>clostituti</span> <span class='ocrx_word' id='word_1_38' title='bbox 1036 1295 1162 1364; x_wconf 81' lang='lat' dir='ltr'>legitimis</span> <span class='ocrx_word' id='word_1_39' title='bbox 1188 1301 1394 1365; x_wconf 81' lang='lat' dir='ltr'>probationibus</span> <span class='ocrx_word' id='word_1_40' title='bbox 1421 1300 1453 1353; x_wconf 87' lang='lat' dir='ltr'>ad</span> 
     </span>
    </p>

    <p class='ocr_par' dir='ltr' id='par_1_7' title="bbox 646 1369 1454 1446">
     <span class='ocr_line' id='line_1_12' title="bbox 646 1369 1454 1446; baseline 0.015 -27"><span class='ocrx_word' id='word_1_41' title='bbox 646 1369 816 1435; x_wconf 86' lang='lat' dir='ltr'>conjecturas</span> <span class='ocrx_word' id='word_1_42' title='bbox 842 1388 874 1424; x_wconf 89' lang='lat' dir='ltr'>ex</span> <span class='ocrx_word' id='word_1_43' title='bbox 898 1381 955 1426; x_wconf 89' lang='lat' dir='ltr'>arte</span> <span class='ocrx_word' id='word_1_44' title='bbox 975 1377 1122 1443; x_wconf 84' lang='lat' dir='ltr'>aeqrvisitas</span> <span class='ocrx_word' id='word_1_45' title='bbox 1147 1377 1323 1446; x_wconf 77' lang='lat' dir='ltr'>confugimus</span> <span class='ocrx_word' id='word_1_46' title='bbox 1349 1379 1387 1430; x_wconf 86' lang='lat' dir='ltr'>Et</span> <span class='ocrx_word' id='word_1_47' title='bbox 1405 1380 1454 1432; x_wconf 89' lang='lat' dir='ltr'>hae</span> 
     </span>
    </p>

    <p class='ocr_par' dir='ltr' id='par_1_8' title="bbox 645 1450 1454 1532">
     <span class='ocr_line' id='line_1_13' title="bbox 645 1450 1454 1532; baseline 0.011 -28"><span class='ocrx_word' id='word_1_48' title='bbox 645 1460 771 1508; x_wconf 82' lang='lat' dir='ltr'>constant</span> <span class='ocrx_word' id='word_1_49' title='bbox 790 1471 822 1508; x_wconf 87' lang='lat' dir='ltr'>ex</span> <span class='ocrx_word' id='word_1_50' title='bbox 843 1456 926 1524; x_wconf 81' lang='lat' dir='ltr'>signis</span> <span class='ocrx_word' id='word_1_51' title='bbox 944 1450 1002 1510; x_wconf 75' lang='grc' dir='ltr'>τῶν</span> <span class='ocrx_word' id='word_1_52' title='bbox 1019 1451 1151 1532; x_wconf 67' lang='lat' dir='ltr'>eruuntur,</span> <span class='ocrx_word' id='word_1_53' title='bbox 1173 1476 1227 1512; x_wconf 92' lang='lat' dir='ltr'>non</span> <span class='ocrx_word' id='word_1_54' title='bbox 1243 1477 1276 1512; x_wconf 83' lang='lat' dir='ltr'>ex</span> <span class='ocrx_word' id='word_1_55' title='bbox 1296 1460 1380 1527; x_wconf 84' lang='lat' dir='ltr'>signis</span> <span class='ocrx_word' id='word_1_56' title='bbox 1398 1457 1454 1513; x_wconf 78' lang='grc' dir='ltr'>τῶν</span> 
     </span>
    </p>
   </div>
   <div class='ocr_carea' id='block_1_6' title="bbox 646 1537 1361 1620">
    <p class='ocr_par' dir='ltr' id='par_1_9' title="bbox 646 1537 1361 1620">
     <span class='ocr_line' id='line_1_14' title="bbox 646 1537 1361 1620; baseline 0.004 -23"><span class='ocrx_word' id='word_1_57' title='bbox 646 1537 796 1618; x_wconf 79' lang='grc' dir='ltr'>τεκμήριῶ</span> <span class='ocrx_word' id='word_1_58' title='bbox 815 1594 822 1620; x_wconf 76' lang='lat'><strong>‚</strong></span> <span class='ocrx_word' id='word_1_59' title='bbox 843 1561 875 1597; x_wconf 91' lang='lat' dir='ltr'>ex</span> <span class='ocrx_word' id='word_1_60' title='bbox 896 1545 992 1612; x_wconf 91' lang='lat' dir='ltr'>quibus</span> <span class='ocrx_word' id='word_1_61' title='bbox 1011 1551 1075 1597; x_wconf 84' lang='lat' dir='ltr'>suunt</span> <span class='ocrx_word' id='word_1_62' title='bbox 1095 1547 1269 1612; x_wconf 85' lang='lat' dir='ltr'>probationes</span> <span class='ocrx_word' id='word_1_63' title='bbox 1288 1547 1361 1600; x_wconf 85' lang='lat' dir='ltr'>facti.</span> 
     </span>
    </p>
   </div>
   <div class='ocr_carea' id='block_1_7' title="bbox 267 1639 1457 1784">
    <p class='ocr_par' dir='ltr' id='par_1_10' title="bbox 267 1639 1457 1784">
     <span class='ocr_line' id='line_1_15' title="bbox 368 1639 1457 1714; baseline 0.007 -24"><span class='ocrx_word' id='word_1_64' title='bbox 368 1639 464 1694; x_wconf 81' lang='lat' dir='ltr'>Nota.</span> <span class='ocrx_word' id='word_1_65' title='bbox 487 1643 521 1695; x_wconf 92' lang='lat' dir='ltr'>lli</span> <span class='ocrx_word' id='word_1_66' title='bbox 540 1651 616 1698; x_wconf 70' lang='lat' dir='ltr'>nurture</span> <span class='ocrx_word' id='word_1_67' title='bbox 636 1647 790 1714; x_wconf 86' lang='lat' dir='ltr'>ostendunt,</span> <span class='ocrx_word' id='word_1_68' title='bbox 810 1663 862 1714; x_wconf 92' lang='lat' dir='ltr'>qno</span> <span class='ocrx_word' id='word_1_69' title='bbox 882 1646 960 1700; x_wconf 92' lang='lat' dir='ltr'>modo</span> <span class='ocrx_word' id='word_1_70' title='bbox 981 1648 1016 1699; x_wconf 91' lang='lat' dir='ltr'>sit</span> <span class='ocrx_word' id='word_1_71' title='bbox 1040 1647 1237 1713; x_wconf 90' lang='lat' dir='ltr'>procedendum</span> <span class='ocrx_word' id='word_1_72' title='bbox 1263 1646 1406 1714; x_wconf 79' lang='lat' dir='ltr'>odiliam,</span> <span class='ocrx_word' id='word_1_73' title='bbox 1425 1652 1457 1699; x_wconf 77' lang='lat' dir='ltr'>et</span> 
     </span>
     <span class='ocr_line' id='line_1_16' title="bbox 267 1710 1044 1784; baseline 0.014 -23"><span class='ocrx_word' id='word_1_74' title='bbox 267 1710 364 1777; x_wconf 91' lang='lat' dir='ltr'>quibus</span> <span class='ocrx_word' id='word_1_75' title='bbox 385 1713 470 1766; x_wconf 89' lang='lat' dir='ltr'>modis</span> <span class='ocrx_word' id='word_1_76' title='bbox 491 1715 559 1769; x_wconf 86' lang='lat' dir='ltr'>ictus</span> <span class='ocrx_word' id='word_1_77' title='bbox 580 1717 794 1772; x_wconf 86' lang='lat' dir='ltr'>adversariorum</span> <span class='ocrx_word' id='word_1_78' title='bbox 814 1718 908 1784; x_wconf 87' lang='lat' dir='ltr'>perimi</span> <span class='ocrx_word' id='word_1_79' title='bbox 928 1719 1044 1784; x_wconf 89' lang='lat' dir='ltr'>possint.</span> 
     </span>
    </p>
   </div>
   <div class='ocr_carea' id='block_1_8' title="bbox 663 1955 1073 2054">
    <p class='ocr_par' dir='ltr' id='par_1_11' title="bbox 663 1955 1073 2054">
     <span class='ocr_line' id='line_1_17' title="bbox 663 1955 1073 2054; baseline -0.002 -24"><span class='ocrx_word' id='word_1_80' title='bbox 663 1959 723 2030; x_wconf 86' lang='lat' dir='ltr'>De</span> <span class='ocrx_word' id='word_1_81' title='bbox 742 1958 881 2054; x_wconf 80' lang='lat' dir='ltr'>judicie</span> <span class='ocrx_word' id='word_1_82' title='bbox 906 1955 1073 2032; x_wconf 76' lang='lat' dir='ltr'>aditione.</span> 
     </span>
    </p>
   </div>
   <div class='ocr_carea' id='block_1_9' title="bbox 703 2124 976 2219">
    <p class='ocr_par' dir='ltr' id='par_1_12' title="bbox 703 2124 976 2219">
     <span class='ocr_line' id='line_1_18' title="bbox 703 2124 976 2219; baseline 0.004 -30"><span class='ocrx_word' id='word_1_83' title='bbox 703 2213 708 2219; x_wconf 88' lang='lat'>.</span> <span class='ocrx_word' id='word_1_84' title='bbox 748 2125 909 2191; x_wconf 88' lang='lat' dir='ltr'>Titulus</span> <span class='ocrx_word' id='word_1_85' title='bbox 934 2124 976 2190; x_wconf 91' lang='lat' dir='ltr'>Il.</span> 
     </span>
    </p>
   </div>
   <div class='ocr_carea' id='block_1_10' title="bbox 268 2247 1461 3040">
    <p class='ocr_par' dir='ltr' id='par_1_13' title="bbox 268 2247 1461 2790">
     <span class='ocr_line' id='line_1_19' title="bbox 370 2247 1459 2335; baseline 0.004 -25"><span class='ocrx_word' id='word_1_86' title='bbox 370 2247 584 2316; x_wconf 85' lang='lat' dir='ltr'>Processurus</span> <span class='ocrx_word' id='word_1_87' title='bbox 595 2253 790 2333; x_wconf 87' lang='lat' dir='ltr'>judicialiter</span> <span class='ocrx_word' id='word_1_88' title='bbox 814 2257 968 2319; x_wconf 82' lang='lat' dir='ltr'>adversus</span> <span class='ocrx_word' id='word_1_89' title='bbox 988 2255 1136 2334; x_wconf 90' lang='lat' dir='ltr'>aliquem,</span> <span class='ocrx_word' id='word_1_90' title='bbox 1160 2253 1305 2335; x_wconf 88' lang='lat' dir='ltr'>inprimis</span> <span class='ocrx_word' id='word_1_91' title='bbox 1323 2253 1459 2332; x_wconf 90' lang='lat' dir='ltr'>judicem</span> 
     </span>
     <span class='ocr_line' id='line_1_20' title="bbox 273 2340 1461 2424; baseline 0.007 -28"><span class='ocrx_word' id='word_1_92' title='bbox 273 2340 503 2414; x_wconf 83' lang='lat' dir='ltr'>competentem</span> <span class='ocrx_word' id='word_1_93' title='bbox 530 2341 627 2406; x_wconf 90' lang='lat' dir='ltr'>adeat</span> <span class='ocrx_word' id='word_1_94' title='bbox 642 2348 675 2407; x_wconf 89' lang='lat' dir='ltr'>et</span> <span class='ocrx_word' id='word_1_95' title='bbox 702 2363 809 2409; x_wconf 91' lang='lat' dir='ltr'>coram</span> <span class='ocrx_word' id='word_1_96' title='bbox 824 2363 876 2424; x_wconf 77' lang='lat' dir='ltr'>eo,</span> <span class='ocrx_word' id='word_1_97' title='bbox 900 2348 1026 2422; x_wconf 84' lang='lat' dir='ltr'>quicum</span> <span class='ocrx_word' id='word_1_98' title='bbox 1043 2343 1172 2422; x_wconf 83' lang='lat' dir='ltr'>litigare</span> <span class='ocrx_word' id='word_1_99' title='bbox 1197 2340 1281 2421; x_wconf 87' lang='lat' dir='ltr'>velit,</span> <span class='ocrx_word' id='word_1_100' title='bbox 1306 2341 1461 2418; x_wconf 84' lang='lat' dir='ltr'>declaret,</span> 
     </span>
     <span class='ocr_line' id='line_1_21' title="bbox 274 2426 1459 2513; baseline 0.008 -31"><span class='ocrx_word' id='word_1_101' title='bbox 274 2438 409 2501; x_wconf 85' lang='lat' dir='ltr'>ennrque</span> <span class='ocrx_word' id='word_1_102' title='bbox 436 2426 538 2506; x_wconf 85' lang='lat' dir='ltr'>injus</span> <span class='ocrx_word' id='word_1_103' title='bbox 565 2433 671 2495; x_wconf 87' lang='lat' dir='ltr'>vocari</span> <span class='ocrx_word' id='word_1_104' title='bbox 694 2440 793 2513; x_wconf 90' lang='lat' dir='ltr'>petat.</span> <span class='ocrx_word' id='word_1_105' title='bbox 825 2433 971 2496; x_wconf 89' lang='lat' dir='ltr'>Omnium</span> <span class='ocrx_word' id='word_1_106' title='bbox 1004 2431 1086 2496; x_wconf 90' lang='lat' dir='ltr'>enim</span> <span class='ocrx_word' id='word_1_107' title='bbox 1111 2432 1268 2495; x_wconf 88' lang='lat' dir='ltr'>actionum</span> <span class='ocrx_word' id='word_1_108' title='bbox 1294 2431 1459 2493; x_wconf 87' lang='lat' dir='ltr'>instituen-</span> 
     </span>
     <span class='ocr_line' id='line_1_22' title="bbox 274 2508 1460 2615; baseline 0.007 -45"><span class='ocrx_word' id='word_1_109' title='bbox 274 2508 385 2574; x_wconf 85' lang='lat' dir='ltr'>darum</span> <span class='ocrx_word' id='word_1_110' title='bbox 412 2516 601 2596; x_wconf 89' lang='lat' dir='ltr'>principium</span> <span class='ocrx_word' id='word_1_111' title='bbox 627 2521 670 2584; x_wconf 93' lang='lat' dir='ltr'>ab</span> <span class='ocrx_word' id='word_1_112' title='bbox 693 2540 731 2584; x_wconf 90' lang='lat' dir='ltr'>ea</span> <span class='ocrx_word' id='word_1_113' title='bbox 754 2528 848 2602; x_wconf 89' lang='lat' dir='ltr'>parte</span> <span class='ocrx_word' id='word_1_114' title='bbox 872 2519 969 2584; x_wconf 89' lang='lat' dir='ltr'>edicti</span> <span class='ocrx_word' id='word_1_115' title='bbox 993 2518 1216 2599; x_wconf 86' lang='lat' dir='ltr'>proficiscitur,</span> <span class='ocrx_word' id='word_1_116' title='bbox 1241 2537 1304 2596; x_wconf 90' lang='lat' dir='ltr'>qna</span> <span class='ocrx_word' id='word_1_117' title='bbox 1327 2523 1460 2615; x_wconf 78' lang='lat' dir='ltr'>praetor</span> 
     </span>
     <span class='ocr_line' id='line_1_23' title="bbox 271 2597 1458 2686; baseline 0.005 -28"><span class='ocrx_word' id='word_1_118' title='bbox 271 2597 367 2662; x_wconf 90' lang='lat' dir='ltr'>edicit</span> <span class='ocrx_word' id='word_1_119' title='bbox 402 2602 441 2665; x_wconf 91' lang='lat' dir='ltr'>de</span> <span class='ocrx_word' id='word_1_120' title='bbox 471 2603 502 2666; x_wconf 91' lang='lat' dir='ltr'>in</span> <span class='ocrx_word' id='word_1_121' title='bbox 529 2605 581 2679; x_wconf 82' lang='lat' dir='ltr'>¹jus</span> <span class='ocrx_word' id='word_1_122' title='bbox 612 2609 765 2674; x_wconf 89' lang='lat' dir='ltr'>vocando.</span> <span class='ocrx_word' id='word_1_123' title='bbox 796 2609 885 2686; x_wconf 83' lang='lat' dir='ltr'>Quae</span> <span class='ocrx_word' id='word_1_124' title='bbox 911 2609 1034 2672; x_wconf 86' lang='lat' dir='ltr'>vocatio</span> <span class='ocrx_word' id='word_1_125' title='bbox 1069 2607 1138 2671; x_wconf 86' lang='lat' dir='ltr'>fieri</span> <span class='ocrx_word' id='word_1_126' title='bbox 1161 2626 1225 2670; x_wconf 91' lang='lat' dir='ltr'>non</span> <span class='ocrx_word' id='word_1_127' title='bbox 1251 2611 1367 2685; x_wconf 87' lang='lat' dir='ltr'>potest.</span> <span class='ocrx_word' id='word_1_128' title='bbox 1400 2622 1458 2667; x_wconf 86' lang='lat' dir='ltr'>nrsr</span> 
     </span>
     <span class='ocr_line' id='line_1_24' title="bbox 268 2685 1434 2790; baseline 0.006 -42"><span class='ocrx_word' id='word_1_129' title='bbox 268 2685 365 2760; x_wconf 80' lang='lat' dir='ltr'>¹iudea</span> <span class='ocrx_word' id='word_1_130' title='bbox 390 2698 573 2771; x_wconf 79' lang='lat' dir='ltr'>corrupeteus</span> <span class='ocrx_word' id='word_1_131' title='bbox 597 2694 685 2776; x_wconf 88' lang='lat' dir='ltr'>prins</span> <span class='ocrx_word' id='word_1_132' title='bbox 710 2699 854 2762; x_wconf 88' lang='lat' dir='ltr'>adeatur.</span> <span class='ocrx_word' id='word_1_133' title='bbox 879 2685 935 2773; x_wconf 79' lang='lat' dir='ltr'>(A.</span> <span class='ocrx_word' id='word_1_134' title='bbox 962 2697 1012 2760; x_wconf 76' lang='lat'>45.</span> <span class='ocrx_word' id='word_1_135' title='bbox 1040 2695 1125 2760; x_wconf 81' lang='lat' dir='ltr'>Diei.</span> <span class='ocrx_word' id='word_1_136' title='bbox 1154 2688 1202 2774; x_wconf 81' lang='lat'>1.)</span> <span class='ocrx_word' id='word_1_137' title='bbox 1428 2779 1434 2790; x_wconf 24' lang='grc' dir='ltr'>ι</span> 
     </span>
    </p>

    <p class='ocr_par' dir='ltr' id='par_1_14' title="bbox 270 2771 1460 3040">
     <span class='ocr_line' id='line_1_25' title="bbox 366 2771 1456 2864; baseline 0.001 -25"><span class='ocrx_word' id='word_1_138' title='bbox 366 2777 556 2859; x_wconf 84' lang='lat' dir='ltr'>Competeus</span> <span class='ocrx_word' id='word_1_139' title='bbox 585 2791 691 2849; x_wconf 71' lang='lat' dir='ltr'>antean</span> <span class='ocrx_word' id='word_1_140' title='bbox 720 2785 820 2864; x_wconf 83' lang='lat' dir='ltr'>judex</span> <span class='ocrx_word' id='word_1_141' title='bbox 849 2783 975 2862; x_wconf 86' lang='lat' dir='ltr'>dicitur,</span> <span class='ocrx_word' id='word_1_142' title='bbox 1011 2785 1069 2848; x_wconf 91' lang='lat' dir='ltr'>sub</span> <span class='ocrx_word' id='word_1_143' title='bbox 1101 2783 1189 2863; x_wconf 78' lang='lat' dir='ltr'>cuiuis</span> <span class='ocrx_word' id='word_1_144' title='bbox 1220 2779 1385 2846; x_wconf 87' lang='lat' dir='ltr'>territorio</span> <span class='ocrx_word' id='word_1_145' title='bbox 1413 2771 1456 2849; x_wconf 82' lang='lat' dir='ltr'>iad</span> 
     </span>
     <span class='ocr_line' id='line_1_26' title="bbox 271 2863 1457 2950; baseline 0.004 -27"><span class='ocrx_word' id='word_1_146' title='bbox 271 2867 320 2924; x_wconf 90' lang='lat' dir='ltr'>est</span> <span class='ocrx_word' id='word_1_147' title='bbox 339 2863 577 2948; x_wconf 80' lang='lat' dir='ltr'>jurisdictione)</span> <span class='ocrx_word' id='word_1_148' title='bbox 601 2889 677 2936; x_wconf 90' lang='lat' dir='ltr'>rens</span> <span class='ocrx_word' id='word_1_149' title='bbox 701 2873 891 2938; x_wconf 84' lang='lat' dir='ltr'>domicilium</span> <span class='ocrx_word' id='word_1_150' title='bbox 920 2871 1027 2946; x_wconf 86' lang='lat' dir='ltr'>babet,</span> <span class='ocrx_word' id='word_1_151' title='bbox 1061 2873 1091 2934; x_wconf 92' lang='lat' dir='ltr'>iu</span> <span class='ocrx_word' id='word_1_152' title='bbox 1115 2889 1177 2950; x_wconf 91' lang='lat' dir='ltr'>qno</span> <span class='ocrx_word' id='word_1_153' title='bbox 1201 2889 1273 2935; x_wconf 93' lang='lat' dir='ltr'>enm</span> <span class='ocrx_word' id='word_1_154' title='bbox 1298 2885 1457 2932; x_wconf 80' lang='lat' dir='ltr'>conveniri</span> 
     </span>
     <span class='ocr_line' id='line_1_27' title="bbox 270 2956 1460 3040; baseline 0.003 -26"><span class='ocrx_word' id='word_1_155' title='bbox 270 2960 407 3028; x_wconf 88' lang='lat' dir='ltr'>oportet.</span> <span class='ocrx_word' id='word_1_156' title='bbox 443 2956 587 3037; x_wconf 84' lang='lat' dir='ltr'>Namque</span> <span class='ocrx_word' id='word_1_157' title='bbox 618 2962 696 3025; x_wconf 88' lang='lat' dir='ltr'>ordo</span> <span class='ocrx_word' id='word_1_158' title='bbox 726 2963 872 3040; x_wconf 81' lang='lat' dir='ltr'>requirit,</span> <span class='ocrx_word' id='word_1_159' title='bbox 901 2965 936 3022; x_wconf 92' lang='lat' dir='ltr'>ut</span> <span class='ocrx_word' id='word_1_160' title='bbox 967 2965 1058 3022; x_wconf 89' lang='lat' dir='ltr'>actor</span> <span class='ocrx_word' id='word_1_161' title='bbox 1086 2960 1190 3024; x_wconf 84' lang='lat' dir='ltr'>lorum</span> <span class='ocrx_word' id='word_1_162' title='bbox 1222 2957 1270 3022; x_wconf 91' lang='lat' dir='ltr'>rei</span> <span class='ocrx_word' id='word_1_163' title='bbox 1297 2962 1460 3034; x_wconf 81' lang='lat' dir='ltr'>secpvatur.</span> 
     </span>
    </p>
   </div>
   <div class='ocr_carea' id='block_1_11' title="bbox 269 3027 1307 3132">
    <p class='ocr_par' dir='ltr' id='par_1_15' title="bbox 269 3027 1307 3132">
     <span class='ocr_line' id='line_1_28' title="bbox 269 3027 1307 3132; baseline 0.005 -29"><span class='ocrx_word' id='word_1_164' title='bbox 269 3027 289 3113; x_wconf 83' lang='lat'><em>(</em></span> <span class='ocrx_word' id='word_1_165' title='bbox 299 3037 365 3104; x_wconf 81' lang='lat' dir='ltr'>Vici.</span> <span class='ocrx_word' id='word_1_166' title='bbox 392 3045 454 3107; x_wconf 74' lang='lat' dir='ltr'>dua</span> <span class='ocrx_word' id='word_1_167' title='bbox 478 3044 579 3132; x_wconf 75' lang='lat' dir='ltr'>Prnq.</span> <span class='ocrx_word' id='word_1_168' title='bbox 607 3053 643 3113; x_wconf 83' lang='grc' dir='ltr'>Α.</span> <span class='ocrx_word' id='word_1_169' title='bbox 670 3051 721 3114; x_wconf 75' lang='grc'>44.</span> <span class='ocrx_word' id='word_1_170' title='bbox 748 3049 833 3114; x_wconf 74' lang='lat' dir='ltr'>Dior.</span> <span class='ocrx_word' id='word_1_171' title='bbox 860 3049 888 3111; x_wconf 72' lang='lat'>4.</span> <span class='ocrx_word' id='word_1_172' title='bbox 909 3078 950 3086; x_wconf 91' lang='lat'><em>-</em></span> <span class='ocrx_word' id='word_1_173' title='bbox 966 3047 1029 3110; x_wconf 69' lang='grc' dir='ltr'>ιΙιιιι</span> <span class='ocrx_word' id='word_1_174' title='bbox 1055 3048 1149 3113; x_wconf 83' lang='lat' dir='ltr'>Pron.</span> <span class='ocrx_word' id='word_1_175' title='bbox 1177 3047 1208 3111; x_wconf 84' lang='lat'>0.</span> <span class='ocrx_word' id='word_1_176' title='bbox 1233 3035 1307 3124; x_wconf 85' lang='lat'><strong><em>21.)</em></strong></span> 
     </span>
    </p>
   </div>
   <div class='ocr_carea' id='block_1_12' title="bbox 273 3153 1555 4558">
    <p class='ocr_par' dir='ltr' id='par_1_16' title="bbox 273 3153 1555 4558">
     <span class='ocr_line' id='line_1_29' title="bbox 370 3153 1463 3238; baseline -0.001 -22"><span class='ocrx_word' id='word_1_177' title='bbox 370 3153 580 3236; x_wconf 86' lang='lat' dir='ltr'>Excipiuntur</span> <span class='ocrx_word' id='word_1_178' title='bbox 605 3160 743 3238; x_wconf 89' lang='lat' dir='ltr'>quinque</span> <span class='ocrx_word' id='word_1_179' title='bbox 767 3177 870 3223; x_wconf 79' lang='lat' dir='ltr'>casus</span> <span class='ocrx_word' id='word_1_180' title='bbox 894 3157 924 3220; x_wconf 92' lang='lat' dir='ltr'>iu</span> <span class='ocrx_word' id='word_1_181' title='bbox 951 3158 1066 3237; x_wconf 88' lang='lat' dir='ltr'>quibus</span> <span class='ocrx_word' id='word_1_182' title='bbox 1089 3162 1179 3221; x_wconf 88' lang='lat' dir='ltr'>actor</span> <span class='ocrx_word' id='word_1_183' title='bbox 1202 3155 1305 3221; x_wconf 87' lang='lat' dir='ltr'>forum</span> <span class='ocrx_word' id='word_1_184' title='bbox 1328 3155 1376 3219; x_wconf 89' lang='lat' dir='ltr'>rei</span> <span class='ocrx_word' id='word_1_185' title='bbox 1401 3170 1463 3224; x_wconf 91' lang='lat' dir='ltr'>nou</span> 
     </span>
     <span class='ocr_line' id='line_1_30' title="bbox 274 3242 431 3319; baseline 0.019 -17"><span class='ocrx_word' id='word_1_186' title='bbox 274 3242 431 3319; x_wconf 87' lang='lat' dir='ltr'>seqnitur:</span> 
     </span>
     <span class='ocr_line' id='line_1_31' title="bbox 368 3330 1463 3415; baseline -0.003 -20"><span class='ocrx_word' id='word_1_187' title='bbox 368 3332 394 3395; x_wconf 92' lang='lat' dir='ltr'>l.</span> <span class='ocrx_word' id='word_1_188' title='bbox 420 3332 555 3397; x_wconf 85' lang='lat' dir='ltr'>Ratione</span> <span class='ocrx_word' id='word_1_189' title='bbox 579 3335 840 3415; x_wconf 86' lang='lat' dir='ltr'>emphyteuseos;</span> <span class='ocrx_word' id='word_1_190' title='bbox 866 3333 920 3399; x_wconf 92' lang='lat' dir='ltr'>ubi</span> <span class='ocrx_word' id='word_1_191' title='bbox 937 3335 1020 3398; x_wconf 91' lang='lat' dir='ltr'>euim</span> <span class='ocrx_word' id='word_1_192' title='bbox 1038 3353 1111 3398; x_wconf 89' lang='lat' dir='ltr'>rens</span> <span class='ocrx_word' id='word_1_193' title='bbox 1130 3333 1267 3410; x_wconf 90' lang='lat' dir='ltr'>domurn,</span> <span class='ocrx_word' id='word_1_194' title='bbox 1292 3330 1463 3412; x_wconf 86' lang='lat' dir='ltr'>praedium</span> 
     </span>
     <span class='ocr_line' id='line_1_32' title="bbox 274 3409 1460 3502; baseline -0.002 -20"><span class='ocrx_word' id='word_1_195' title='bbox 274 3419 323 3482; x_wconf 87' lang='lat' dir='ltr'>vel</span> <span class='ocrx_word' id='word_1_196' title='bbox 341 3419 579 3500; x_wconf 89' lang='lat' dir='ltr'>emphyteutica</span> <span class='ocrx_word' id='word_1_197' title='bbox 595 3423 678 3488; x_wconf 76' lang='lat' dir='ltr'>bosra</span> <span class='ocrx_word' id='word_1_198' title='bbox 695 3423 801 3497; x_wconf 89' lang='lat' dir='ltr'>habet,</span> <span class='ocrx_word' id='word_1_199' title='bbox 818 3424 861 3487; x_wconf 88' lang='lat' dir='ltr'>ibi</span> <span class='ocrx_word' id='word_1_200' title='bbox 879 3440 1005 3502; x_wconf 89' lang='lat' dir='ltr'>quoque</span> <span class='ocrx_word' id='word_1_201' title='bbox 1023 3421 1184 3485; x_wconf 87' lang='lat' dir='ltr'>conveniri</span> <span class='ocrx_word' id='word_1_202' title='bbox 1200 3426 1315 3500; x_wconf 89' lang='lat' dir='ltr'>potest.</span> <span class='ocrx_word' id='word_1_203' title='bbox 1333 3409 1390 3499; x_wconf 74' lang='lat' dir='ltr'>(A.</span> <span class='ocrx_word' id='word_1_204' title='bbox 1410 3419 1460 3480; x_wconf 76' lang='lat'>44.</span> 
     </span>
     <span class='ocr_line' id='line_1_33' title="bbox 273 3495 1555 3606; baseline 0.001 -36"><span class='ocrx_word' id='word_1_205' title='bbox 273 3507 357 3572; x_wconf 80' lang='lat' dir='ltr'>Diei.</span> <span class='ocrx_word' id='word_1_206' title='bbox 381 3510 581 3593; x_wconf 62' lang='lat' dir='ltr'>aurificem,</span> <span class='ocrx_word' id='word_1_207' title='bbox 599 3517 628 3572; x_wconf 84' lang='lat' dir='ltr'>et</span> <span class='ocrx_word' id='word_1_208' title='bbox 642 3514 680 3574; x_wconf 79' lang='lat' dir='ltr'>A.</span> <span class='ocrx_word' id='word_1_209' title='bbox 700 3513 754 3590; x_wconf 76' lang='lat'>47,</span> <span class='ocrx_word' id='word_1_210' title='bbox 769 3513 806 3575; x_wconf 89' lang='grc' dir='ltr'>Β.</span> <span class='ocrx_word' id='word_1_211' title='bbox 825 3512 854 3575; x_wconf 82' lang='grc'>3.</span> <span class='ocrx_word' id='word_1_212' title='bbox 937 3510 1000 3575; x_wconf 84' lang='lat' dir='ltr'>Jua</span> <span class='ocrx_word' id='word_1_213' title='bbox 1016 3510 1114 3573; x_wconf 82' lang='lat' dir='ltr'>Pron.</span> <span class='ocrx_word' id='word_1_214' title='bbox 1134 3507 1173 3573; x_wconf 88' lang='lat' dir='ltr'>X.</span> <span class='ocrx_word' id='word_1_215' title='bbox 1194 3509 1223 3573; x_wconf 86' lang='lat'>2.</span> <span class='ocrx_word' id='word_1_216' title='bbox 1238 3508 1270 3589; x_wconf 81' lang='lat'>3,</span> <span class='ocrx_word' id='word_1_217' title='bbox 1283 3510 1315 3606; x_wconf 79' lang='grc' dir='ltr'>Ι4,</span> <span class='ocrx_word' id='word_1_218' title='bbox 1333 3515 1362 3606; x_wconf 73' lang='lat' dir='ltr'>et</span> <span class='ocrx_word' id='word_1_219' title='bbox 1377 3495 1464 3606; x_wconf 72' lang='lat' dir='ltr'>aqq.)</span> <span class='ocrx_word' id='word_1_220' title='bbox 1552 3523 1555 3528; x_wconf 81' lang='grc'>’</span> 
     </span>
     <span class='ocr_line' id='line_1_34' title="bbox 371 3595 1463 3678; baseline -0.001 -20"><span class='ocrx_word' id='word_1_221' title='bbox 371 3596 413 3658; x_wconf 90' lang='lat' dir='ltr'>ll.</span> <span class='ocrx_word' id='word_1_222' title='bbox 448 3599 585 3662; x_wconf 84' lang='lat' dir='ltr'>Ratione</span> <span class='ocrx_word' id='word_1_223' title='bbox 615 3604 808 3676; x_wconf 82' lang='lat' dir='ltr'>contractus,</span> <span class='ocrx_word' id='word_1_224' title='bbox 850 3600 924 3678; x_wconf 86' lang='lat' dir='ltr'>quia</span> <span class='ocrx_word' id='word_1_225' title='bbox 954 3599 1007 3662; x_wconf 82' lang='lat' dir='ltr'>urbi</span> <span class='ocrx_word' id='word_1_226' title='bbox 1040 3597 1110 3676; x_wconf 88' lang='lat' dir='ltr'>quis</span> <span class='ocrx_word' id='word_1_227' title='bbox 1146 3595 1315 3673; x_wconf 88' lang='lat' dir='ltr'>contralut,</span> <span class='ocrx_word' id='word_1_228' title='bbox 1346 3595 1463 3659; x_wconf 84' lang='lat' dir='ltr'>rbrdem</span> 
     </span>
     <span class='ocr_line' id='line_1_35' title="bbox 274 3673 1465 3767; baseline -0.003 -19"><span class='ocrx_word' id='word_1_229' title='bbox 274 3684 369 3748; x_wconf 90' lang='lat' dir='ltr'>etiarn</span> <span class='ocrx_word' id='word_1_230' title='bbox 384 3686 538 3751; x_wconf 86' lang='lat' dir='ltr'>arrestari</span> <span class='ocrx_word' id='word_1_231' title='bbox 554 3693 587 3750; x_wconf 90' lang='lat' dir='ltr'>et</span> <span class='ocrx_word' id='word_1_232' title='bbox 603 3687 763 3750; x_wconf 84' lang='lat' dir='ltr'>conveniri</span> <span class='ocrx_word' id='word_1_233' title='bbox 780 3693 897 3767; x_wconf 87' lang='lat' dir='ltr'>potest.</span> <span class='ocrx_word' id='word_1_234' title='bbox 908 3679 964 3762; x_wconf 89' lang='lat' dir='ltr'>(L.</span> <span class='ocrx_word' id='word_1_235' title='bbox 978 3687 1027 3750; x_wconf 81' lang='lat'>19.</span> <span class='ocrx_word' id='word_1_236' title='bbox 1040 3694 1069 3749; x_wconf 86' lang='lat' dir='ltr'>et</span> <span class='ocrx_word' id='word_1_237' title='bbox 1081 3686 1132 3751; x_wconf 81' lang='lat'>26.</span> <span class='ocrx_word' id='word_1_238' title='bbox 1152 3716 1178 3723; x_wconf 87' lang='lat'>-</span> <span class='ocrx_word' id='word_1_239' title='bbox 1193 3684 1357 3748; x_wconf 81' lang='lat' dir='ltr'>JosProo.</span> <span class='ocrx_word' id='word_1_240' title='bbox 1372 3682 1399 3746; x_wconf 79' lang='lat' dir='ltr'><em>S</em></span> <span class='ocrx_word' id='word_1_241' title='bbox 1413 3682 1436 3745; x_wconf 81' lang='lat'><em>3</em></span> <span class='ocrx_word' id='word_1_242' title='bbox 1452 3673 1465 3752; x_wconf 78' lang='lat' dir='ltr'>l</span> 
     </span>
     <span class='ocr_line' id='line_1_36' title="bbox 309 3771 1465 3854; baseline -0.003 -18"><span class='ocrx_word' id='word_1_243' title='bbox 309 3843 315 3848; x_wconf 50' lang='grc'><strong>,</strong></span> <span class='ocrx_word' id='word_1_244' title='bbox 373 3772 420 3836; x_wconf 91' lang='grc' dir='ltr'>ΙΙΙ</span> <span class='ocrx_word' id='word_1_245' title='bbox 467 3774 606 3840; x_wconf 87' lang='lat' dir='ltr'>Ratione</span> <span class='ocrx_word' id='word_1_246' title='bbox 637 3774 747 3854; x_wconf 84' lang='lat' dir='ltr'>ingae;</span> <span class='ocrx_word' id='word_1_247' title='bbox 778 3793 850 3839; x_wconf 78' lang='lat' dir='ltr'>riam</span> <span class='ocrx_word' id='word_1_248' title='bbox 875 3776 900 3838; x_wconf 92' lang='lat' dir='ltr'>si</span> <span class='ocrx_word' id='word_1_249' title='bbox 931 3793 1006 3838; x_wconf 87' lang='lat' dir='ltr'>rens</span> <span class='ocrx_word' id='word_1_250' title='bbox 1034 3792 1124 3838; x_wconf 89' lang='lat' dir='ltr'>suum</span> <span class='ocrx_word' id='word_1_251' title='bbox 1150 3772 1290 3852; x_wconf 89' lang='lat' dir='ltr'>jndicem</span> <span class='ocrx_word' id='word_1_252' title='bbox 1316 3771 1397 3850; x_wconf 76' lang='lat' dir='ltr'>fugat</span> <span class='ocrx_word' id='word_1_253' title='bbox 1433 3783 1465 3833; x_wconf 87' lang='lat' dir='ltr'>et</span> 
     </span>
     <span class='ocr_line' id='line_1_37' title="bbox 274 3853 1467 3942; baseline -0.003 -20"><span class='ocrx_word' id='word_1_254' title='bbox 274 3860 452 3938; x_wconf 71' lang='lat' dir='ltr'>divagatur,</span> <span class='ocrx_word' id='word_1_255' title='bbox 477 3862 595 3942; x_wconf 90' lang='lat' dir='ltr'>ubique</span> <span class='ocrx_word' id='word_1_256' title='bbox 609 3862 752 3927; x_wconf 87' lang='lat' dir='ltr'>locorum</span> <span class='ocrx_word' id='word_1_257' title='bbox 770 3864 965 3926; x_wconf 89' lang='lat' dir='ltr'>convenitur.</span> <span class='ocrx_word' id='word_1_258' title='bbox 989 3853 1042 3935; x_wconf 80' lang='lat' dir='ltr'>(In</span> <span class='ocrx_word' id='word_1_259' title='bbox 1058 3879 1119 3940; x_wconf 89' lang='lat' dir='ltr'>quo</span> <span class='ocrx_word' id='word_1_260' title='bbox 1137 3878 1212 3924; x_wconf 86' lang='lat' dir='ltr'>casu</span> <span class='ocrx_word' id='word_1_261' title='bbox 1228 3860 1330 3923; x_wconf 88' lang='lat' dir='ltr'>locum</span> <span class='ocrx_word' id='word_1_262' title='bbox 1348 3858 1467 3922; x_wconf 87' lang='lat' dir='ltr'>lrabeat</span> 
     </span>
     <span class='ocr_line' id='line_1_38' title="bbox 273 3943 1467 4045; baseline -0.002 -36"><span class='ocrx_word' id='word_1_263' title='bbox 273 3947 431 4027; x_wconf 87' lang='lat' dir='ltr'>rescripta</span> <span class='ocrx_word' id='word_1_264' title='bbox 453 3949 697 4030; x_wconf 89' lang='lat' dir='ltr'>imperatorum,</span> <span class='ocrx_word' id='word_1_265' title='bbox 724 3969 805 4028; x_wconf 91' lang='lat' dir='ltr'>quae</span> <span class='ocrx_word' id='word_1_266' title='bbox 823 3950 915 4030; x_wconf 81' lang='lat' dir='ltr'>vulgo</span> <span class='ocrx_word' id='word_1_267' title='bbox 932 3950 1045 4014; x_wconf 89' lang='lat' dir='ltr'>literae</span> <span class='ocrx_word' id='word_1_268' title='bbox 1061 3955 1210 4030; x_wconf 86' lang='lat' dir='ltr'>patentes</span> <span class='ocrx_word' id='word_1_269' title='bbox 1238 3943 1467 4045; x_wconf 78' lang='lat' dir='ltr'>appellantur.)</span> 
     </span>
     <span class='ocr_line' id='line_1_39' title="bbox 373 4036 1466 4116; baseline -0.001 -20"><span class='ocrx_word' id='word_1_270' title='bbox 373 4036 427 4098; x_wconf 84' lang='lat' dir='ltr'>IV.</span> <span class='ocrx_word' id='word_1_271' title='bbox 445 4037 581 4103; x_wconf 88' lang='lat' dir='ltr'>Ratione</span> <span class='ocrx_word' id='word_1_272' title='bbox 601 4037 723 4116; x_wconf 91' lang='lat' dir='ltr'>delicti;</span> <span class='ocrx_word' id='word_1_273' title='bbox 749 4038 804 4101; x_wconf 91' lang='lat' dir='ltr'>nbi</span> <span class='ocrx_word' id='word_1_274' title='bbox 826 4040 908 4102; x_wconf 89' lang='lat' dir='ltr'>euim</span> <span class='ocrx_word' id='word_1_275' title='bbox 926 4038 1132 4115; x_wconf 86' lang='lat' dir='ltr'>delinquitur,</span> <span class='ocrx_word' id='word_1_276' title='bbox 1150 4037 1194 4101; x_wconf 91' lang='lat' dir='ltr'>ibi</span> <span class='ocrx_word' id='word_1_277' title='bbox 1210 4037 1307 4101; x_wconf 87' lang='lat' dir='ltr'>etiam</span> <span class='ocrx_word' id='word_1_278' title='bbox 1324 4041 1466 4114; x_wconf 80' lang='lat' dir='ltr'>punitur,</span> 
     </span>
     <span class='ocr_line' id='line_1_40' title="bbox 277 4112 1467 4203; baseline 0 -17"><span class='ocrx_word' id='word_1_279' title='bbox 277 4124 447 4202; x_wconf 90' lang='lat' dir='ltr'>praecique</span> <span class='ocrx_word' id='word_1_280' title='bbox 471 4138 548 4190; x_wconf 89' lang='lat' dir='ltr'>vero</span> <span class='ocrx_word' id='word_1_281' title='bbox 572 4127 599 4190; x_wconf 87' lang='lat' dir='ltr'>si</span> <span class='ocrx_word' id='word_1_282' title='bbox 622 4127 756 4191; x_wconf 87' lang='lat' dir='ltr'>lorensis</span> <span class='ocrx_word' id='word_1_283' title='bbox 779 4117 892 4201; x_wconf 86' lang='lat' dir='ltr'>(idest</span> <span class='ocrx_word' id='word_1_284' title='bbox 919 4124 1106 4202; x_wconf 82' lang='lat' dir='ltr'>extraneus)</span> <span class='ocrx_word' id='word_1_285' title='bbox 1122 4125 1278 4203; x_wconf 91' lang='lat' dir='ltr'>delinquit</span> <span class='ocrx_word' id='word_1_286' title='bbox 1300 4113 1360 4202; x_wconf 93' lang='lat' dir='ltr'>(N.</span> <span class='ocrx_word' id='word_1_287' title='bbox 1377 4112 1467 4198; x_wconf 63' lang='lat'>43),</span> 
     </span>
     <span class='ocr_line' id='line_1_41' title="bbox 276 4204 1465 4294; baseline -0.002 -22"><span class='ocrx_word' id='word_1_288' title='bbox 276 4230 384 4274; x_wconf 90' lang='lat' dir='ltr'>verum</span> <span class='ocrx_word' id='word_1_289' title='bbox 409 4211 513 4276; x_wconf 87' lang='lat' dir='ltr'>incola</span> <span class='ocrx_word' id='word_1_290' title='bbox 536 4214 723 4294; x_wconf 90' lang='lat' dir='ltr'>delinquens</span> <span class='ocrx_word' id='word_1_291' title='bbox 736 4214 963 4279; x_wconf 87' lang='lat' dir='ltr'>Constitutioni</span> <span class='ocrx_word' id='word_1_292' title='bbox 976 4214 1148 4279; x_wconf 85' lang='lat' dir='ltr'>Carolinae</span> <span class='ocrx_word' id='word_1_293' title='bbox 1164 4212 1317 4290; x_wconf 79' lang='lat' dir='ltr'>subiacet.</span> <span class='ocrx_word' id='word_1_294' title='bbox 1338 4204 1357 4286; x_wconf 95' lang='lat'><em>(</em></span> <span class='ocrx_word' id='word_1_295' title='bbox 1359 4206 1398 4272; x_wconf 91' lang='lat' dir='ltr'>N.</span> <span class='ocrx_word' id='word_1_296' title='bbox 1413 4209 1465 4272; x_wconf 85' lang='lat'>39.</span> 
     </span>
     <span class='ocr_line' id='line_1_42' title="bbox 276 4291 1397 4396; baseline 0.002 -33"><span class='ocrx_word' id='word_1_297' title='bbox 276 4298 318 4363; x_wconf 90' lang='lat' dir='ltr'>N.</span> <span class='ocrx_word' id='word_1_298' title='bbox 345 4300 395 4364; x_wconf 80' lang='lat'>40.</span> <span class='ocrx_word' id='word_1_299' title='bbox 412 4331 454 4338; x_wconf 82' lang='grc'>-</span> <span class='ocrx_word' id='word_1_300' title='bbox 477 4303 540 4366; x_wconf 84' lang='lat' dir='ltr'>Jua</span> <span class='ocrx_word' id='word_1_301' title='bbox 564 4303 660 4367; x_wconf 84' lang='lat' dir='ltr'>Pron.</span> <span class='ocrx_word' id='word_1_302' title='bbox 689 4307 725 4365; x_wconf 84' lang='lat' dir='ltr'>A.</span> <span class='ocrx_word' id='word_1_303' title='bbox 752 4304 781 4366; x_wconf 84' lang='lat'>6.</span> <span class='ocrx_word' id='word_1_304' title='bbox 808 4306 845 4366; x_wconf 80' lang='lat' dir='ltr'>A.</span> <span class='ocrx_word' id='word_1_305' title='bbox 873 4304 900 4366; x_wconf 84' lang='lat'>7.</span> <span class='ocrx_word' id='word_1_306' title='bbox 927 4303 969 4367; x_wconf 87' lang='grc' dir='ltr'>Κ.</span> <span class='ocrx_word' id='word_1_307' title='bbox 995 4291 1069 4381; x_wconf 78' lang='grc'><strong><em>34.)</em></strong></span> <span class='ocrx_word' id='word_1_308' title='bbox 1331 4384 1336 4395; x_wconf 37' lang='grc' dir='ltr'>Ι</span> <span class='ocrx_word' id='word_1_309' title='bbox 1391 4385 1397 4396; x_wconf 23' lang='grc' dir='ltr'><strong>θ</strong></span> 
     </span>
     <span class='ocr_line' id='line_1_43' title="bbox 376 4383 1471 4486; baseline -0.001 -37"><span class='ocrx_word' id='word_1_310' title='bbox 376 4387 413 4452; x_wconf 91' lang='lat' dir='ltr'>V.</span> <span class='ocrx_word' id='word_1_311' title='bbox 439 4387 577 4454; x_wconf 91' lang='lat' dir='ltr'>Ratione</span> <span class='ocrx_word' id='word_1_312' title='bbox 601 4408 793 4468; x_wconf 83' lang='lat' dir='ltr'>consensns3</span> <span class='ocrx_word' id='word_1_313' title='bbox 818 4391 941 4454; x_wconf 87' lang='lat' dir='ltr'>namsi</span> <span class='ocrx_word' id='word_1_314' title='bbox 965 4407 1040 4454; x_wconf 90' lang='lat' dir='ltr'>rens</span> <span class='ocrx_word' id='word_1_315' title='bbox 1070 4391 1102 4454; x_wconf 92' lang='lat' dir='ltr'>iu</span> <span class='ocrx_word' id='word_1_316' title='bbox 1127 4406 1189 4452; x_wconf 93' lang='lat' dir='ltr'>non</span> <span class='ocrx_word' id='word_1_317' title='bbox 1214 4405 1304 4486; x_wconf 83' lang='lat' dir='ltr'>suum</span> <span class='ocrx_word' id='word_1_318' title='bbox 1325 4383 1471 4484; x_wconf 62' lang='lat' dir='ltr'>,radicem</span> 
     </span>
     <span class='ocr_line' id='line_1_44' title="bbox 279 4473 1470 4558; baseline -0.001 -23"><span class='ocrx_word' id='word_1_319' title='bbox 279 4474 499 4558; x_wconf 76' lang='lat' dir='ltr'>consenserit,</span> <span class='ocrx_word' id='word_1_320' title='bbox 524 4495 632 4542; x_wconf 88' lang='lat' dir='ltr'>coram</span> <span class='ocrx_word' id='word_1_321' title='bbox 657 4496 694 4541; x_wconf 91' lang='lat' dir='ltr'>eo</span> <span class='ocrx_word' id='word_1_322' title='bbox 720 4495 845 4556; x_wconf 90' lang='lat' dir='ltr'>quoque</span> <span class='ocrx_word' id='word_1_323' title='bbox 875 4478 1037 4542; x_wconf 90' lang='lat' dir='ltr'>conveniri</span> <span class='ocrx_word' id='word_1_324' title='bbox 1065 4481 1182 4557; x_wconf 89' lang='lat' dir='ltr'>potest.</span> <span class='ocrx_word' id='word_1_325' title='bbox 1215 4473 1356 4552; x_wconf 83' lang='lat' dir='ltr'>Quilrbet</span> <span class='ocrx_word' id='word_1_326' title='bbox 1387 4491 1470 4536; x_wconf 84' lang='lat' dir='ltr'>enum</span> 
     </span>
    </p>
   </div>
   <div class='ocr_carea' id='block_1_13' title="bbox 0 0 1604 5010">
    <p class='ocr_par' dir='ltr' id='par_1_17' title="bbox 0 0 1604 5010">
     <span class='ocr_line' id='line_1_45' title="bbox 0 0 1604 5010; baseline 0 0"><span class='ocrx_word' id='word_1_327' title='bbox 0 0 1604 5010; x_wconf 95' lang='lat' dir='ltr'> </span> 
     </span>
    </p>
   </div>
  </div>
 </body>
</html>
