3260 5018
204 431 268 500 244
568 489 573 497 ,
736 431 871 485 Stranskii

196 569 301 636 adhuc
335 567 521 650 superstite,
558 567 684 632 Wlasta
719 585 872 632 amazona
908 568 1124 648 sanguinaria,
1167 571 1282 648 postea
1318 586 1393 633 vero

197 656 405 723 Wenceslaus
422 661 633 736 cognomento
648 654 784 720 Sanctus
797 646 846 734 (l),
870 660 905 720 ut
923 659 957 718 et
973 672 1073 736 nepos
1090 655 1160 735 ejus
1176 674 1216 720 ex
1232 654 1298 719 tilia
1312 655 1392 736 lmp.

200 746 345 825 Carolus,
367 744 429 809 illis
453 746 622 824 obrogare,
647 750 681 808 et
703 762 787 823 suas,
812 743 935 809 Wlasta
953 743 1127 808 muliebres
1150 733 1242 823 (aori.
1257 753 1395 828 praeter

197 843 337 918 propter
374 828 469 914 628),
509 833 717 897 Wenceslaus
755 833 944 912 peregrinas
981 821 1075 911 (aaa.
1114 823 1220 912 1295)
1259 833 1395 896 Carolus

201 921 373 987 illiberales
408 913 500 1002 (aaa.
539 910 655 1001 1348),
689 920 807 1000 populo
843 939 902 1001 pro
936 922 975 986 iis
1009 923 1175 984 tentarent
1209 919 1395 998 obtrudere,

198 1009 320 1076 frustra
348 1009 479 1076 1111111
509 1027 547 1074 10
577 1010 703 1074 nonnisi
736 1008 870 1073 laterem
900 1010 1055 1074 laverunt.
1092 1007 1215 1072 Wlasta
1248 1008 1397 1072 videlicet

201 1116 284 1179 suas,
319 1099 352 1163 in
388 1099 554 1172 commisso
588 1097 683 1178 paulo
717 1102 792 1176 post
826 1116 896 1162 cunr
930 1095 1105 1179 Przemysli
1138 1097 1239 1176 copiis
1273 1096 1395 1176 praelio

200 1192 343 1266 cruento,
368 1187 524 1267 sanguine
539 1185 609 1265 ipsa
625 1204 681 1250 suo
698 1185 832 1264 delevit3
858 1185 1082 1252 Wenceslaum
1095 1203 1206 1264 regem
1223 1185 1393 1265 optimates

201 1275 320 1340 acriter
350 1279 527 1356 propterea
555 1275 777 1355 increparunt3
811 1279 845 1338 et
869 1273 1001 1339 Carolus
1024 1273 1104 1354 Imp.
1135 1273 1277 1337 codicem
1304 1291 1395 1337 suurn

201 1363 280 1443 ipse,
306 1381 376 1428 cum
400 1362 502 1427 fratre
518 1360 714 1440 marchione,
740 1361 847 1427 rolens
864 1365 974 1428 nolens
990 1352 1081 1442 (aaa.
1101 1351 1207 1442 1355)
1223 1362 1395 1426 revocavit.

202 1451 295 1529 Quod
311 1469 388 1516 vero
404 1449 628 1516 Ferdinandus
643 1450 668 1514 Ι.
686 1441 777 1528 (aaa.
793 1444 1123 1532 1547)1011111111111
1140 1447 1395 1525 Sinalceldicum,

203 1544 237 1602 et
272 1539 495 1604 Ferdinandus
530 1538 572 1602 ll.
608 1529 700 1613 (aaa.
741 1533 846 1618 1627)
884 1539 1021 1604 necdum
1059 1555 1160 1617 regno
1195 1537 1289 1617 plene
1323 1544 1397 1617 post

202 1625 362 1708 praelium
392 1625 678 1692 Albo-Montanum
709 1632 833 1708 pacato,
865 1632 993 1692 veteres
1024 1626 1131 1706 populi
1155 1625 1277 1704 Bojemi
1307 1626 1395 1704 leges

206 1733 263 1795 pro
288 1714 422 1780 arbitrio
444 1714 691 1795 interpolanmt‚
716 1714 792 1780 belli
811 1715 884 1795 jure
907 1722 941 1779 et
965 1715 1080 1779 armati
1103 1713 1258 1778 lecerunt.

299 1844 357 1908 ΠΙ.
381 1844 524 1925 Legibus
544 1861 641 1924 porro
666 1845 823 1909 communi
846 1863 917 1910 cum
941 1845 1085 1926 principe
1113 1860 1269 1907 consensu
1294 1841 1392 1906 semel

200 1931 349 2014 receptis,
381 1937 417 1997 ut
447 1938 481 1996 et
509 1933 664 1998 institutis
693 1950 731 1997 ac
753 1934 836 1998 11011
864 1933 971 2013 prisco
995 1933 1133 2011 tuendis,
1165 1929 1394 1994 conservandis

201 2040 260 2086 nec
289 2020 346 2086 illa
369 2021 486 2102 privati
509 2018 696 2102 cujusquam
725 2021 1003 2102 praevaricatione
1034 2017 1213 2097 turbandis
1244 2017 1393 2083 custodes

200 2111 250 2174 sui
273 2129 293 2174 a
316 2108 477 2174 veteribus
500 2098 598 2186 (sicut
622 2109 698 2174 alibi
721 2102 870 2188 diximus)
898 2102 933 2188 ¹),
966 2113 1039 2172 sunt
1063 2106 1236 2184 constituti,
1272 2105 1331 2168 viri
1355 2125 1393 2170 en

202 2197 388 2262 melioribus
417 2196 603 2276 prudentes,
636 2197 763 2278 patriae
787 2202 930 2261 amantes
955 2203 989 2261 et
1014 2195 1190 2275 vigilantes.
1226 2194 1395 2274 Principes

202 2286 299 2350 etiam
323 2284 384 2365 ipsi
406 2284 440 2347 in
464 2285 711 2366 inauguratione
736 2286 868 2365 quisque
892 2303 960 2363 sua,
984 2286 1024 2350 ad
1049 2285 1165 2348 seriem
1185 2299 1297 2348 earum
1313 2283 1396 2345 sicut

201 2371 448 2452 observantiam,
471 2374 518 2436 ita
543 2379 576 2437 et
598 2373 816 2439 defensionem
832 2378 1025 2446 accuratam,
1050 2376 1251 2436 sacramento
1271 2372 1396 2451 pariter

201 2466 234 2525 et
256 2460 405 2525 cantione
433 2459 579 2526 literaria
610 2461 765 2526 hactenus
797 2461 930 2540 astringi
960 2466 1035 2525 sunt
1057 2459 1151 2524 soliti.
1186 2458 1230 2522 Et
1253 2459 1396 2537 quamvis

202 2541 302 2628 (quod
325 2547 367 2612 ad
389 2548 547 2628 privatum
567 2548 621 2629 jus
644 2549 903 2614 concernentium
926 2550 1032 2629 legum
1056 2547 1232 2612 custodiam
1254 2541 1395 2624 attinet),

201 2637 348 2702 custodes
370 2634 417 2699 illi
440 2626 541 2712 (velut
556 2643 589 2701 et
604 2636 692 2715 leges
706 2633 811 2718 ipsae)
836 2639 900 2702 sint
923 2637 1055 2703 discreti
1084 2654 1121 2699 ac
1145 2633 1280 2714 proinde
1304 2635 1396 2714 regni

199 2725 361 2805 primores
385 2726 499 2790 saltem
521 2726 555 2790 in
579 2724 763 2806 nobilitatis,
799 2724 932 2805 Maj0ris
956 2744 1033 2790 vero
1057 2723 1183 2804 Pragae
1206 2725 1339 2786 senatus
1362 2724 1395 2786 in

201 2813 396 2892 municipum
420 2816 518 2892 atque
540 2812 742 2894 plebejormn
763 2811 834 2877 1110
859 2813 1051 2878 usitatarum
1075 2812 1181 2892 legum
1201 2811 1394 2874 tuendarum
1467 2813 1469 2817 ’

202 2918 242 2965 11
256 2901 574 2981 interpretandarum
590 2919 700 2966 curam
711 2899 887 2981 jubeantur
902 2918 1034 2980 gerere:
1059 2902 1098 2964 de
1112 2898 1277 2979 republica
1289 2901 1395 2962 tamen

201 2990 307 3068 patria
324 3007 362 3053 ac
374 2986 448 3067 jure
465 2987 534 3068 ejus
551 2989 677 3070 publico
695 2987 788 3068 latas,
812 2990 906 3068 longo
930 3009 988 3054 usu
1008 2989 1076 3069 jam
1100 2989 1172 3052 olim
1193 2985 1396 3050 confirmatas

200 3077 299 3157 leges,
323 3084 388 3142 tam
412 3077 456 3156 bi,
481 3095 574 3155 oriam
597 3076 644 3140 illi
667 3081 903 3142 consueverunt
926 3082 1141 3157 tenenturque
1164 3094 1264 3155 opera
1287 3079 1397 3138 mutua

202 3182 407 3246 propugnare
431 3157 469 3242 ²).
494 3165 630 3245 Semper
654 3170 762 3230 autem
785 3165 961 3246 majoribus
983 3167 1016 3230 id
1040 3182 1137 3229 curae
1159 3161 1229 3241 luit,
1253 3167 1288 3226 ut
1306 3161 1396 3242 leges

201 3270 276 3316 suas
307 3250 605 3333 apronrulgatione
628 3254 748 3332 statim,
784 3254 851 3319 sive
881 3253 1038 3317 volumine
1070 3254 1136 3317 sive
1168 3251 1275 3315 codice
1308 3255 1396 3314 certo

202 3338 460 3422 comprehensas,
477 3342 509 3404 in
524 3341 718 3405 membranis
733 3342 914 3407 luculenter
930 3341 1161 3420 describerent,
1181 3337 1396 3418 religioseque

201 3447 271 3492 cum
301 3430 395 3508 regni
425 3428 637 3494 monumentis
667 3427 1211 3494 1111111111]10111111111111111.
1249 3427 1297 3491 Ne
1321 3444 1397 3489 vero

202 3517 347 3581 occultae
372 3514 484 3580 haberi
513 3517 701 3582 viderentur
716 3517 766 3582 vel
785 3517 878 3597 vulgo
894 3517 1037 3597 ignorari
1052 3521 1193 3596 possent,
1218 3515 1395 3595 temporius

202 3621 258 3668 eas
289 3605 329 3669 ad
361 3622 452 3668 usum
482 3604 694 3668 multitudinis
720 3607 922 3686 promiscuae
945 3604 1153 3686 publicabant
1176 3619 1214 3668 ac
1236 3603 1268 3666 in
1291 3602 1396 3666 lucem

202 3692 332 3757 dabant.
367 3694 394 3757 A
423 3693 657 3756 recentioribus
693 3693 807 3758 ordine
835 3693 1001 3758 literarum
1033 3690 1233 3772 alphabetico
1268 3688 1396 3754 fuerunt

202 3781 384 3858 distinctae,
422 3777 704 3860 Provincialesque
739 3798 796 3846 seu
831 3782 1018 3846 Terrestres
1056 3798 1155 3860 supra
1193 3778 1394 3858 quingentas

202 3867 415 3948 Municipales
439 3885 538 3948 supra
560 3873 740 3947 nongentas
764 3869 879 3934 iactae.
910 3869 974 3935 Uni
999 3873 1106 3932 autem
1131 3867 1245 3945 cuique
1268 3867 1394 3946 literae,

200 3956 274 4019 huic
289 3956 408 4037 plures,
433 3955 479 4020 illi
494 3956 663 4036 pauciores
679 3961 753 4021 sunt
770 3957 945 4036 subjectae.
967 3955 1019 4020 Sic
1034 3955 1271 4036 recognitarum
1287 3955 1393 4033 legum

202 4044 345 4108 codicem
368 4043 553 4108 innovatum
576 4062 614 4107 ac
640 4044 761 4109 editum
784 4045 927 4124 legimus
961 4042 1161 4109 terrestrium
1186 4042 1313 4121 quidem
1336 4043 1395 4106 sub

201 4131 367 4196 Sobieslao
398 4131 499 4210 Duce,
530 4131 671 4211 itemque
707 4133 765 4196 sub
794 4132 940 4196 iohanne
969 4133 1016 4196 Re
1039 4151 1067 4212 e,
1102 4149 1199 4195 manu
1230 4131 1393 4211 scriptum,

202 4219 259 4284 sub
280 4219 456 4285 Wladislao
472 4219 525 4298 11,
551 4219 754 4286 Feralinando
770 4227 794 4290 l.
820 4210 911 4301 (ooo.
931 4151 1039 4299 1549)
1061 4225 1093 4284 et
1116 4219 1335 4283 Maximiliano
1352 4217 1394 4282 ΙΙ.

201 4373 393 4384 --—.-—

303 4455 325 4522 ¹)
345 4454 412 4521 Cap.
430 4453 478 4522 Xl,
497 4455 524 4522 §.
542 4457 568 4512 5.
605 4456 630 4524 ¹²)
650 4459 700 4512 Jus
720 4456 863 4512 Terrestrc
883 4472 930 4510 seu
950 4456 1072 4511 Provinc.
1092 4455 1125 4510 1).
1144 4459 1189 4513 19.
