3270 5020
573 450 739 519 Respublica
757 449 876 521 Bojerna.
896 452 962 522 Cap.
980 451 1054 509 XVI.
1343 458 1408 526 275

221 590 305 656 ndns
328 589 471 672 quaevis,
509 607 579 655 cum
614 589 722 656 civiles
756 596 824 656 tum
858 589 1051 672 criminales,
1086 591 1193 659 editur
1226 593 1267 659 ab
1299 598 1409 660 actore

220 679 315 758 actio,
351 679 569 744 decernuntur
603 679 643 743 ab
677 679 785 759 judice
814 696 984 760 processus
1006 682 1191 761 necessarii,
1227 682 1344 747 citatur
1369 682 1409 746 ad

219 767 360 832 tribunal
394 767 606 848 adversarius,
643 768 769 832 libellus
805 769 1001 848 producitur,
1037 770 1103 835 litis
1138 767 1174 835 fit
1208 770 1409 852 contestatio,

219 855 425 936 probationes
454 875 473 920 a
503 855 702 944 litigantibus
732 875 910 937 causaeque
939 857 1055 922 merita
1080 857 1269 936 allegantur,
1299 858 1408 940 dispu-

218 949 338 1023 tantur,
356 943 599 1023 concluduntur,
622 945 795 1025 ultimoque
818 944 950 1010 tandem
970 945 1125 1026 judicium
1147 947 1215 1011 lata
1239 946 1280 1011 ab
1299 945 1408 1026 judice

218 1033 378 1098 sententia
401 1029 518 1097 finitur.
548 1033 743 1099 Tractentur
767 1041 873 1099 autem
896 1035 977 1100 haec
996 1035 1126 1115 judicia,
1151 1034 1316 1100 ordinaria
1341 1037 1409 1116 qui·
1492 1048 1495 1052 ·

218 1120 301 1202 dem,
326 1122 444 1202 passim
467 1121 500 1185 in
524 1122 656 1201 singulis
679 1123 772 1202 regni
794 1123 939 1202 urbibus
961 1123 1096 1204 oppidis,
1114 1123 1299 1204 municipiis.
1325 1123 1407 1188 Onn-

218 1209 266 1273 sul
297 1209 447 1274 videlicet
482 1228 552 1275 cum
587 1217 702 1276 senatu
735 1229 802 1290 suo,
837 1211 978 1291 itemque
1004 1213 1127 1276 caeteri
1154 1202 1222 1292 (qui
1246 1211 1403 1276 consulari

219 1297 353 1376 collegio
383 1296 499 1362 alicubi
530 1293 794 1378 subordinantur)
829 1299 1052 1366 subselliorum
1084 1301 1242 1365 minorum
1270 1299 1405 1380 judices,

217 1384 250 1449 in
273 1385 433 1466 senaculo,
465 1394 651 1451 consecrato
682 1406 796 1467 nempe
823 1387 972 1452 habendo
996 1391 1122 1455 senatui
1144 1390 1224 1468 loco,
1256 1393 1407 1454 tenentur

218 1473 414 1554 frequentes,
445 1482 542 1555 prout
571 1477 724 1557 populosa
755 1481 804 1541 est
835 1477 947 1542 civitas
973 1484 1006 1541 ot
1028 1476 1090 1543 loci
1112 1477 1176 1541 fert
1199 1476 1406 1554 consuetudo,

217 1564 266 1628 vel
304 1564 403 1627 semel
442 1564 475 1628 in
512 1583 704 1644 unaquaque
739 1564 939 1629 hebdomade
973 1565 1024 1630 vel
1057 1565 1190 1631 alternis
1224 1564 1337 1630 diebus
1371 1571 1405 1628 et
1467 1581 1469 1584 ·

217 1649 360 1731 quotidie
391 1653 504 1716 adesse
536 1659 569 1718 et
596 1653 741 1733 justitiae
771 1652 955 1734 petentibus
981 1653 1254 1719 administrandae
1278 1670 1403 1718 vacare.

312 1738 363 1803 Ea
386 1758 462 1804 vero
486 1758 568 1821 quae
592 1748 665 1807 sunt
688 1741 1000 1807 extraordinariam
1024 1743 1151 1822 actoris
1174 1741 1402 1822 utplurimum,

216 1833 416 1908 peraguntur
440 1829 598 1894 domicilio
622 1833 672 1895 vel
696 1848 783 1911 agro.
814 1831 864 1894 De
893 1828 1064 1896 ordinariis
1096 1823 1340 1912 (praeterquam
1362 1829 1403 1896 de

215 1918 372 1981 montensi
401 1922 434 1981 et
461 1918 678 1998 mangenario,
711 1918 794 1998 quod
826 1918 897 1983 aliis
927 1919 1152 1984 scientioribus
1181 1917 1403 1999 explicandum

214 1997 385 2085 relinquo),
410 2006 531 2085 egimus
551 2006 617 2086 jam
643 2012 718 2070 ante
741 2006 809 2072 loco
831 2006 893 2071 alio
910 1998 953 2086 ¹);
978 2006 1234 2072 extraordinaria
1247 2005 1403 2086 quaedam

213 2091 311 2156 etiam
341 2092 373 2157 in
403 2113 463 2159 usu
490 2096 632 2174 quamvis
655 2095 788 2174 rariore,
820 2097 853 2160 in
875 2113 936 2160 usu
958 2101 1070 2159 tamen
1090 2113 1160 2160 esso
1183 2095 1401 2172 observamus,

213 2179 318 2259 qualia
341 2188 415 2246 sunt
438 2181 533 2248 Soad
553 2182 713 2268 braaiday'
740 2202 797 2248 seu
821 2183 977 2264 judicium
1005 2186 1221 2262 corrogatum,
1252 2185 1286 2246 et
1309 2179 1404 2246 Socd

212 2267 411 2354 mlyoadalcy',
433 2269 587 2351 judicium
609 2272 748 2351 ripense.
772 2271 930 2337 Judicium
956 2277 1159 2353 corrogatum
1183 2289 1223 2336 ex
1245 2288 1283 2335 eo
1309 2286 1401 2334 voca·

213 2375 292 2436 mus,
325 2358 408 2436 quod
438 2363 529 2423 actor
557 2377 627 2426 cum
656 2359 853 2439 edversario,
884 2378 975 2441 quem
999 2361 1033 2424 in
1055 2363 1215 2440 potestate
1238 2357 1338 2422 habet
1360 2357 1400 2422 ob

212 2462 340 2509 cansam
363 2444 474 2510 delicti
492 2447 566 2526 jure
591 2454 792 2528 experturus,
813 2449 939 2531 jndices
964 2468 1003 2513 ex
1026 2447 1162 2512 diversis
1184 2444 1399 2511 tribunalibus

212 2534 252 2598 ad
283 2533 496 2613 cognitionem
526 2534 677 2614 privatim
706 2535 738 2598 in
769 2538 862 2601 domo
892 2554 951 2601 sua
972 2535 1201 2602 instituendam
1226 2551 1399 2614 corrogare

210 2623 383 2686 consuevit.
418 2621 479 2699 Qui
509 2623 550 2688 de
580 2641 675 2688 causa
707 2625 874 2706 cognituri,
905 2643 966 2690 non
991 2625 1122 2707 capiunt
1148 2623 1181 2688 in
1204 2622 1399 2689 sessionibus

210 2710 290 2787 loca,
315 2710 454 2776 concivis
469 2716 544 2791 post
558 2711 728 2792 concivem,
752 2714 810 2777 sed
832 2708 898 2795 pro¹
915 2713 1068 2794 cujusque
1091 2711 1270 2790 tribunalis,
1295 2730 1314 2776 a
1337 2728 1400 2790 quo

210 2799 392 2876 mittuntur,
427 2799 594 2880 dignitate,
630 2801 747 2881 singuli
782 2803 965 2867 alternatim
1001 2803 1083 2867 alius
1099 2868 1103 2876 ,
1117 2807 1191 2882 post
1225 2800 1330 2879 alium,
1366 2802 1400 2863 et

209 2885 346 2950 vicissim
379 2888 504 2968 singuli,
539 2906 610 2952 curn
640 2891 764 2954 notario
791 2890 909 2971 jurato,
943 2891 1111 2956 considere
1142 2888 1399 2966 sententiamque

209 2973 315 3052 rogati
343 2974 450 3040 dicere
482 2995 522 3041 ex
544 2995 633 3041 more
658 2978 771 3044 solent.
807 2979 850 3043 Et
873 2978 1016 3058 quamvis
1035 2978 1101 3058 juri
1124 2978 1227 3057 magis
1251 2981 1301 3041 est
1324 2992 1397 3041 con·

211 3065 407 3143 sentaneum,
443 3069 479 3129 nt
513 3084 623 3130 coram
654 3065 816 3131 ordinario
845 3066 1015 3132 tribunalis
1046 3066 1182 3148 proximi
1206 3064 1316 3144 judice
1343 3062 1397 3143 jus

210 3165 300 3212 suum
339 3156 429 3216 actor
465 3152 519 3217 ille
556 3159 781 3234 persequatur,
821 3156 847 3218 si
881 3160 990 3220 tamen
1025 3172 1147 3233 causas,
1188 3153 1396 3232 quamobrem

209 3253 301 3302 secus
330 3236 400 3305 fieri
428 3245 586 3320 oporteat,
617 3241 748 3306 idoneas
776 3243 936 3323 judicibus
967 3243 1088 3324 rogatis
1116 3239 1394 3319 demonstraverit,

204 3323 393 3407 judicesque
422 3327 505 3408 juris
535 3327 693 3394 reddendi
725 3348 823 3395 causa
854 3333 896 3395 ad
924 3330 994 3411 eJus
1024 3331 1150 3395 domum
1178 3327 1394 3408 convenerint,

206 3418 357 3480 accurate
381 3419 431 3480 est
452 3417 558 3480 danda
574 3434 684 3497 opera,
707 3422 743 3482 ut
767 3423 800 3482 et
821 3421 854 3483 in
878 3419 1086 3499 disceptando
1110 3416 1395 3498 cognoscendoque

205 3518 376 3580 processus
407 3503 540 3584 legitimi
570 3509 739 3571 serventur
761 3497 799 3586 ²),
832 3510 970 3586 atquae
995 3506 1035 3570 ab
1059 3511 1196 3585 utraque
1220 3508 1312 3586 parte
1335 3521 1394 3583 pro

205 3604 304 3653 causa
339 3590 460 3656 luerint
498 3593 548 3657 vel
586 3591 673 3657 dicta
710 3595 761 3659 vel
799 3595 966 3676 producta,
1009 3594 1121 3660 ordine
1159 3592 1395 3672 describantur,

206 3676 365 3756 legantur,
391 3680 623 3760 expendantur,
648 3680 852 3763 definiantur,
876 3683 1106 3748 custodiantur.

303 3764 362 3830 Jus
385 3767 515 3848 ripense
540 3775 784 3848 cognomentum
808 3790 847 3836 ex
871 3789 908 3836 eo
932 3770 1075 3851 sortitur,
1112 3769 1196 3850 quod
1225 3768 1258 3833 in
1286 3785 1324 3832 eo
1354 3767 1394 3832 de

204 3851 367 3918 fluminum
391 3855 602 3936 eluvionibus,
626 3857 846 3940 alluvionibus,
871 3858 1073 3940 molendinis,
1094 3858 1255 3940 pontibus,
1274 3873 1393 3936 aquae·

204 3938 361 4022 ductibus,
410 3943 670 4022 derivationibus,
712 3947 898 4026 sepimentis
935 3947 1136 4028 immissuris,
1177 3944 1393 4027 operibusque

204 4029 358 4107 aquaticis
381 4031 529 4112 caeteris,
561 4033 594 4096 in
616 4031 820 4100 finitimorum
843 4036 992 4115 injuriam
1015 4036 1118 4116 factis,
1150 4032 1299 4115 cognosci
1326 4035 1392 4098 sta·

204 4116 314 4196 tuique
338 4119 535 4184 consuetudo
559 4125 618 4186 est.
653 4121 855 4188 Adhibentur
876 4124 956 4191 huic
969 4125 1089 4204 judicio
1113 4122 1258 4190 adstricti
1281 4139 1389 4187 sacra·

201 4207 309 4269 mento
337 4207 477 4288 speciali,
508 4208 671 4274 molitores
694 4211 886 4292 Pragenses,
917 4219 951 4278 et
981 4213 1021 4278 de
1048 4213 1151 4278 causis
1173 4211 1206 4277 id
1228 4227 1329 4294 genus
1352 4229 1390 4274 ex

202 4289 332 4374 opificii,
364 4293 450 4375 quod
479 4300 630 4377 tractant,
662 4299 839 4379 disciplina,
871 4301 1082 4382 experientia,
1112 4299 1392 4371 consuetudinario

200 4427 385 4437 *—

299 4493 324 4563 ¹)
346 4496 415 4564 Cap.
432 4494 508 4568 XHl,
528 4502 553 4567 ὅ.
573 4506 598 4558 6.
635 4500 661 4571 ²)
679 4501 730 4556 Jus
749 4501 822 4558 civit.
840 4504 874 4558 A.
892 4507 936 4562 43.
1122 4584 1193 4656 18.
