3196 5010
610 407 664 466 Tit.
685 409 731 465 lV.
752 416 780 463 et
798 409 832 466 V.
1276 411 1317 480 15

106 549 243 702 {staff
259 548 629 719 guagig)praepeditu8.
665 541 774 630 (Vide
801 552 864 618 Jus
894 552 993 641 Pruy.
1025 557 1063 620 A.
1096 554 1140 618 50
1169 561 1197 616 et
1219 552 1315 616 Prota

219 740 312 794 Causa
330 739 450 795 efficiens
470 744 666 796 contumaciam
686 749 728 796 est
746 759 876 812 perversa
894 744 996 798 malitia
1016 744 1101 798 citati.

189 858 197 872 ,
220 812 378 878 Snbjeotnm
397 819 438 866 est
455 814 515 881 ipse
533 815 632 867 citatus
654 820 808 870 contumax.

223 883 367 952 Objectum
386 891 428 939 est
441 885 583 955 judicium,
603 902 619 938 a
638 903 690 956 quo
711 888 906 941 contumaciter
925 903 954 941 se
972 889 1100 942 absentat
1118 888 1226 942 citatus.

220 955 323 1009 Forma
341 961 383 1010 est
401 956 507 1025 modus,
526 972 559 1010 ex
578 973 631 1026 quo
650 964 796 1014 contumax
815 959 842 1012 in
862 975 912 1012 sua
931 960 1101 1012 contumacia
1121 959 1252 1027 procedit.

223 1027 301 1080 Finis
315 1033 365 1095 est,
382 1027 455 1097 quod
467 1034 613 1082 contumax
626 1029 668 1082 rel
681 1045 764 1084 causa
777 1030 851 1084 cadit
863 1029 905 1084 rcl
920 1031 947 1084 in
960 1046 1095 1100 expensas
1115 1030 1317 1084 condemnatur.

178 1211 301 1282 raam,
321 1214 387 1285 quot
406 1213 490 1272 mou·
508 1216 653 1274 aalma
671 1215 703 1274 a
718 1200 781 1292 suis
800 1217 909 1275 ulatur
928 1219 958 1276 a
975 1217 1102 1290 quanta
1120 1218 1260 1292 punctu.

1014 1346 1084 1401 vine
1093 1347 1143 1400 Jus
1150 1347 1230 1415 Prag.
1241 1349 1274 1403 A.
1283 1351 1317 1404 5⁰

1037 1419 1108 1474 Dist.
1119 1424 1139 1476 l.
1151 1418 1317 1474 etJnsProv.

685 1454 872 1522 captivitatem
1038 1491 1067 1544 G.
1079 1494 1115 1547 44
1136 1491 1208 1546 etl).
1222 1492 1265 1548 35·
1288 1491 1318 1545 ln

685 1530 873 1594 tempestatem
1039 1561 1081 1615 bis
1099 1563 1207 1616 casibus
1226 1569 1319 1617 contu-

1039 1649 1100 1686 max
1113 1633 1182 1687 nibil
1193 1634 1226 1688 de
1237 1649 1320 1688 causa

1039 1720 1089 1758 sua
1129 1706 1244 1773 amittit,
1286 1707 1321 1759 sit

1040 1776 1234 1846 quabscunque
1268 1783 1319 1832 ter·

117 1849 306 1904 contumacia
1041 1848 1127 1902 minus
1147 1847 1296 1903 dilatorius.

152 1920 248 1982 tribus
267 1920 354 1974 modis

155 1991 274 2046 dicitur:
394 1993 420 2046 2.
433 1990 521 2059 Magis
534 1993 644 2060 proprie
653 1991 738 2058 (vide

431 2062 536 2130 signnm
557 2065 596 2132 1))

392 1559 644 1699 Ἧζῗᾟὲρζὲῇ
685 1597 867 1652 infirmitatem

686 1669 872 1724 avocationem
892 1670 942 1722 rei·

430 1710 579 1828 ggmpmt’
606 1704 647 1758 vel
724 1739 848 1809 publicae
866 1755 950 1793 causa

394 2209 419 2264 3.
433 2205 552 2260 Maxime
571 2207 690 2275 proprie,
709 2213 740 2259 ut
752 2209 812 2275 quis
827 2223 855 2260 se
868 2207 1005 2261 evidenter
1017 2206 1142 2261 rebellem
1161 2206 1242 2260 alicui
1260 2207 1319 2262 foro

430 2276 692 2418 ‹IlJeigltar3t,}}rt1s÷n)rt
710 2278 855 2332 violatores
869 2280 949 2348 juris,
969 2278 1092 2344 obhoiuiri
1109 2277 1205 2348 promo.
1224 2279 1236 2340 t
1240 2279 1271 2334 D.
1285 2283 1320 2336 38

397 2524 460 2584 post
500 2518 612 2572 alteram
688 2521 773 2585 actor,
801 2517 956 2571 citationem
1015 2516 1115 2583 incola,
1145 2521 1201 2568 tum
1230 2531 1318 2583 cyppo

433 2589 601 2656 citationem,
659 2523 674 2655 j
725 2604 802 2642 suam
848 2588 954 2642 amittit.
1050 2586 1155 2641 forensi
1167 2587 1202 2640 ad
1213 2603 1320 2654 compa·

300 2701 304 2706 .
397 2667 454 2714 tum
473 2662 496 2715 si
514 2668 557 2714 est
723 2661 772 2726 (A.
791 2663 851 2728 48.)
1051 2659 1163 2713 rendum
1183 2657 1320 2726 compelli·

663 2668 759 2801 {reus
778 2733 855 2800 isque
880 2736 927 2784 arrt
1051 2737 1095 2783 tur
1105 2731 1202 2795 (Amr.
1210 2731 1322 2797 Disttl.)

1014 2808 1180 2870 extranens,
1241 2817 1319 2869 quem

1050 2889 1133 2926 cansa
1183 2873 1318 2926 citationis

1049 2945 1134 2998 latere
1154 2962 1207 3000 non
1221 2944 1319 3013 potuit,

1049 3023 1106 3069 tum
1125 3017 1276 3069 succumbit
1292 3016 1319 3068 in

1049 3103 1141 3156 eausa,
1158 3093 1250 3142 actore
1268 3087 1321 3140 vic·

1050 3160 1147 3213 toriam
1173 3159 1319 3212 obtinente.

197 3215 253 3300 ,Β
332 3286 339 3298 .
1050 3231 1168 3298 (nna.)

129 3283 221 3354 Magis
245 3300 355 3356 propria

157 3357 331 3412 contumacia
395 3353 423 3405 in
454 3351 569 3404 termino
598 3350 650 3403 sibi
675 3354 738 3402 ante
768 3347 822 3400 litis

27 3457 38 3486 ι
157 3429 355 3499 dicitur,quan·
433 3423 656 3478 contestationem
667 3420 702 3474 ad
712 3435 822 3487 respon-

158 3500 193 3557 do
212 3503 281 3570 quis,
291 3500 370 3553 dum.
432 3495 548 3548 dendum
562 3509 698 3547 concesso.
720 3493 766 3560 (A.
779 3495 821 3549 45.

159 3578 266 3641 potest,
301 3588 355 3628 non
433 3567 501 3620 llist.
516 3570 540 3622 7.
554 3563 585 3620 Β.
598 3565 637 3632 5.)

153 3645 301 3715 comparet,
308 3652 357 3699 aut
395 3639 423 3691 in
439 3637 553 3691 termino
573 3635 664 3704 aliquo
684 3641 748 3702 post
768 3634 822 3687 litis

430 3709 655 3764 contestationem
684 3706 822 3773 probatio-

431 3781 510 3836 nibus
524 3779 654 3848 praefixo.
668 3777 715 3844 (A.
729 3780 786 3845 49.)

395 3902 458 3964 post
470 3896 584 3950 alteram
596 3897 759 3965 citationem,
772 3902 803 3949 ut
816 3895 969 3963 expeditam
987 3895 1198 3962 appellationem
1211 3895 1311 3950 artiliat.

448 3968 531 4022 Inoo
551 3984 616 4022 casn
636 3969 659 4022 si
678 3968 811 4022 sententia
830 3967 895 4021 facit
914 3983 963 4034 pro
983 3972 1153 4035 contumace,
1181 3974 1244 4020 tnnc
1265 3969 1316 4021 sibi

448 4037 604 4105 adjudicata
625 4041 730 4094 amittit.
750 4041 792 4107 (c,
814 4043 853 4096 10.
875 4040 945 4094 Dist.
964 4040 1003 4106 3.)

394 4110 429 4164 ad
442 4109 599 4164 mandatum
607 4111 707 4178 judicis
727 4113 884 4180 pensionem
897 4113 969 4165 intra
984 4115 1016 4168 14
1027 4111 1083 4164 dies
1097 4117 1204 4178 emptae
1222 4109 1316 4165 domus

448 4198 503 4236 non
522 4182 609 4238 solvit.
629 4183 687 4236 Hoc
707 4199 772 4237 casu
791 4189 936 4237 contumax
957 4189 1042 4236 totam
1056 4197 1184 4236 summam
1205 4183 1280 4250 prius
1302 4199 1318 4236 a

449 4269 478 4307 se
496 4269 546 4321 pro
566 4253 644 4308 domo
664 4262 831 4310 numeratam
844 4273 905 4309 cum
918 4255 1001 4310 arrha
1014 4254 1120 4308 amittit.
1140 4255 1184 4321 (G.
1202 4259 1226 4312 3.
1243 4255 1275 4307 H.
1298 4261 1319 4311 l.

449 4324 516 4453 ἷξε
529 4326 691 4466 Tangat&
697 4326 725 4380 in
737 4328 803 4381 Jure
816 4328 949 4382 Saronico
963 4326 1132 4396 guarentigia
1154 4325 1316 4394 appellatur.

473 4413 509 4451 r.
547 4411 589 4452 .a
618 4439 623 4452 .
693 4441 698 4452 .

886 3385 917 3436 In
937 3388 1050 3450 utroque
1069 3399 1135 3435 casn
1159 3397 1224 3448 pars
1252 3399 1313 3435 con·

917 3461 1008 3506 tumax
1022 3453 1171 3506 succumbit
1184 3453 1210 3505 in
1231 3469 1315 3506 causa

915 3532 942 3578 et
967 3527 1038 3592 parti
1062 3525 1191 3578 adversae
1217 3525 1244 3577 in
1270 3540 1315 3577 ex-

917 3613 1015 3664 pensas
1028 3596 1229 3651 condemnatur.
1247 3596 1313 3650 Jura

916 3683 1012 3736 nempe
1026 3669 1112 3721 actori
1122 3674 1149 3719 et
1158 3683 1205 3721 reo
1216 3683 1313 3735 aequa·

916 3739 953 3793 lia
973 3755 1032 3792 esse
1051 3739 1159 3794 debent.
