3212 5008
663 430 697 484 V.
717 428 885 498 Ophthalmii
904 429 1060 484 Processus

725 569 795 634 vlt.
821 569 997 649 Regula.

368 697 402 762 Si
427 698 496 776 quis
520 697 647 760 vivente
670 697 774 777 prima
797 681 907 776 uxore,
933 695 986 760 alii
1011 693 1248 758 matrimonium
1263 695 1458 774 promiserit,

267 789 301 850 et
324 803 396 850 eam
419 803 478 849 neo
502 790 577 848 ante
594 803 652 848 nec
674 789 748 865 post
766 785 967 864 cognoverit;
984 787 1113 848 mortua
1135 782 1240 862 prima
1255 798 1364 862 uxore,
1387 801 1460 847 eam

268 874 385 938 ducere
409 876 526 954 potest,

721 981 809 1045 VIII.
835 980 1005 1062 Regula.
1038 993 1041 1000 ·

371 1115 454 1179 Cont
455 1116 573 1179 rahans
597 1117 774 1180 successivo
797 1133 858 1196 per
875 1115 972 1178 verba
995 1116 1035 1179 de
1051 1119 1205 1194 praesent
1206 1114 1215 1176 i
1238 1133 1309 1178 cum
1326 1114 1463 1194 duabus,

270 1210 364 1270 ttene
365 1223 403 1266 ur
350 1203 605 1268 tadhaerere
629 1203 764 1283 primae,
788 1204 915 1267 etiamsi
940 1202 1081 1268 secunda
1104 1202 1240 1322 carnalit
1227 1209 1279 1266 ter
1301 1203 1407 1267 suerit
1383 1205 1462 1268 tab

268 1312 307 1357 eo
332 1293 468 1372 cognita.

739 1403 794 1466 IX.
821 1399 991 1481 Regula.

369 1530 402 1595 Si
431 1529 525 1594 tidem
550 1532 706 1611 pactionis
739 1531 835 1596 alicui
866 1531 992 1595 mulieri
1016 1529 1129 1609 fecisti,
1160 1548 1222 1594 non
1246 1530 1343 1594 debes
1367 1530 1462 1594 aliam

268 1618 419 1698 ducere;-
440 1618 521 1681 alias
544 1620 773 1699 poenitentiam
810 1638 886 1700 ages
916 1620 956 1683 de
979 1618 1042 1682 fide
1071 1619 1217 1698 mentita,
1254 1623 1286 1682 et
1318 1618 1462 1682 manebis

267 1724 338 1770 cunr
362 1706 426 1784 ilia,
453 1725 547 1785 quam
572 1708 699 1773 duxisti.

747 1838 785 1905 X
812 1841 985 1920 [tegula

373 1972 490 2036 Servus
515 1975 758 2039 contradicente
786 1975 971 2039 dominoet
957 1974 1102 2052 tinvito
1127 1973 1363 2038 matrimonium
1390 1991 1460 2036 corr-

274 2059 405 2125 trahere
443 2079 505 2125 non
536 2062 741 2141 prohibet3ur
774 2068 909 2143 propter
939 2063 998 2127 hoc
1030 2069 1146 2130 tamen
1167 2080 1229 2126 non
1259 2060 1415 2125 liberatur
1443 2079 1462 2122 a

269 2148 408 2264 servitiis
433 2148 559 2214 domino
584 2151 681 2215 debit'
658 2157 709 2215 trs.

576 2285 579 2290 ’
636 2371 638 2376 ,
742 2307 796 2370 xr.
824 2305 988 2384 segola.

372 2438 407 2501 In
432 2455 530 2500 causa
554 2435 746 2501 matrimonii
777 2436 987 2517 conjungendi
1018 2436 1067 2500 vel
1093 2435 1270 2513 dirimendi,
1302 2442 1461 2515 parentes,

270 2524 388 2588 iratres
412 2530 446 2589 et
461 2525 589 2604 cognati
606 2524 771 2604 utriusque
786 2543 879 2591 sexus
907 2524 947 2588 ad
965 2524 1221 2589 testificationem
1239 2523 1460 2589 admittuntur.

267 2613 475 2696 Quinempe
504 2613 617 2676 melius
646 2613 746 2693 recipi
772 2613 900 2692 debent,
929 2632 1023 2691 quarn
1051 2613 1106 2692 illi,
1132 2613 1184 2691 qui
1211 2612 1324 2677 melius
1348 2613 1461 2686 sciunt,

269 2706 303 2764 et
330 2697 463 2780 quorum
494 2706 544 2765 est
567 2701 733 2779 interesse,
762 2703 809 2765 ita
837 2705 873 2764 ut
895 2701 921 2764 si
951 2719 1013 2766 non
1043 2701 1257 2779 interfuerint,
1288 2699 1459 2765 secundum

266 2788 358 2869 leges
384 2788 503 2853 nullum
529 2789 586 2854 fiat
608 2788 872 2853 matrimonium?

731 2943 805 3007 XII.
829 2941 995 3023 Regula.

266 3125 268 3128 .
369 3074 508 3153 Mulieri,
524 3092 605 3154 quae
621 3080 718 3154 negat
734 3075 816 3139 sein
833 3074 1067 3140 rrratrimoniurrr
1084 3074 1293 3152 consensisse,
1312 3093 1374 3139 non
1391 3093 1461 3139 cre-

269 3164 365 3241 ditur,
390 3162 505 3226 marito
529 3164 686 3244 probante
710 3164 925 3241 contrarium3
957 3181 1058 3242 secus,
1082 3164 1109 3226 si
1133 3163 1301 3242 probatae
1325 3181 1458 3227 consen-

269 3252 349 3315 sisse
373 3269 432 3331 per
455 3257 586 3329 metum,
611 3251 663 3330 qui
686 3255 796 3330 potest
819 3251 935 3316 cadere
959 3251 991 3314 in
1016 3256 1224 3315 constantem.

722 3401 812 3469 XIII.
836 3401 1004 3480 Regula.

367 3536 558 3600 Contractus
575 3535 770 3600 matrimonii
792 3553 862 3599 oum
887 3535 1067 3614 peccatrice
1085 3536 1209 3600 volente
1233 3554 1267 3600 se
1284 3538 1456 3616 corrigere,

268 3623 395 3704 proficit
418 3624 459 3688 ad
482 3623 700 3688 rerrrissionem
716 3628 931 3702 peccatorum.
955 3622 1044 3687 Inter
1061 3642 1160 3704 opera
1183 3625 1266 3688 eninr
1291 3625 1458 3690 charitatis

267 3730 330 3775 non
363 3712 524 3776 minimum
559 3717 618 3791 est,
648 3717 811 3775 errantem
841 3711 881 3775 ab
913 3712 1034 3775 erroris
1069 3713 1118 3776 sui
1148 3714 1263 3777 semita
1293 3731 1457 3778 revocare.

268 3798 311 3863 ut
333 3799 405 3864 ideo
426 3799 501 3878 ‚jure
528 3799 687 3864 Canonico
717 3802 873 3862 statutum
906 3803 964 3877 ost,
997 3806 1032 3863 ut
1054 3801 1199 3865 omnibus
1231 3800 1284 3880 qui
1315 3801 1459 3880 publicas

268 3887 419 3953 mulieres
442 3889 481 3952 de
512 3887 660 3970 lupanari
688 3885 887 3950 extraxerint
918 3890 951 3950 et
974 3886 1122 3952 duxerint
1150 3889 1181 3952 in
1215 3905 1340 3967 uxorea,
1375 3890 1458 3968 quod

268 3982 375 4054 agunt,
400 3976 674 4040 inremissionem
700 3979 905 4054 peccatorum
927 3973 1086 4052 proficiat.

725 4128 813 4192 xm.
836 4107 1006 4208 nogara

366 4261 400 4327 Si
435 4263 550 4328 mrdier
585 4262 624 4326 ob
663 4278 792 4325 oausam
839 4258 1007 4338 adulterii,
1039 4259 1160 4340 judicio
1204 4262 1359 4328 ecclesiae
1405 4267 1461 4338 aut

269 4351 403 4431 propria
421 4351 584 4417 voluntate
601 4367 621 4413 a
637 4349 706 4415 viro
721 4349 905 4428 recesserit,
922 4367 982 4413 nec
1000 4349 1170 4414 conciliata
1186 4353 1243 4416 sit:
1270 4356 1337 4415 tum
1354 4350 1461 4414 dotem

269 4438 319 4503 vel
354 4438 534 4504 dotalitium
563 4441 712 4519 repetere
743 4454 805 4500 non
836 4441 955 4518 potest.
997 4436 1059 4500 Sed
1091 4438 1118 4500 si
1145 4455 1206 4519 pro
1235 4438 1343 4518 aliqua
1372 4438 1462 4502 licita
