3260 5018
262 459 326 528 276
623 454 758 531 Stranskii
777 455 941 523 Respublica
960 454 1078 520 Bojema.

260 594 334 675 jure
366 608 424 658 suo
456 596 490 656 et
516 591 672 671 majorum
696 591 857 672 judicatis,
893 591 926 655 in
960 593 1029 657 loco
1063 593 1120 657 ubi
1153 594 1334 658 innovatum
1369 596 1453 674 quod

264 684 323 760 est,
355 679 440 761 quod
473 697 609 760 aequum
640 681 775 760 videtur,
807 681 1023 761 pronuntiant.
1057 680 1223 766 Sententia
1251 680 1452 746 nihilominus

263 769 455 849 jndiciorum
480 769 618 849 cujusvis
642 768 767 848 generis
791 768 977 832 inferiorum
1001 769 1067 832 lata
1089 768 1130 833 de
1155 786 1252 833 causa
1267 787 1330 833 non
1347 769 1452 833 crimi-

265 857 339 936 nali,
369 875 432 920 non
455 857 573 921 transit
594 857 626 920 in
650 874 717 920 rem
738 855 925 935 judicatam,
951 857 1010 920 nisi
1033 857 1195 936 litigantes
1219 857 1248 920 ei
1272 857 1321 922 vel
1346 859 1451 923 verbis

265 944 427 1025 expressis
450 944 500 1009 vel
524 944 657 1008 duorum
676 949 709 1008 et
724 945 939 1024 quadraginta
955 945 1078 1008 dierum
1094 945 1220 1009 silentio
1237 946 1449 1025 acquiescant.
1550 979 1553 984 ·

361 1033 417 1097 Ill.
443 1031 597 1109 Quoniam
621 1049 697 1095 vero
721 1032 924 1111 experientia
948 1031 1064 1110 docuit,
1085 1033 1210 1112 judices
1233 1033 1346 1098 horum
1366 1034 1449 1098 loeo-

265 1140 335 1186 rum
359 1121 392 1184 in
416 1120 595 1185 deliniendo
619 1138 841 1200 nonnunquam
865 1139 925 1200 per
948 1121 1195 1200 imprudentiam
1218 1122 1283 1185 labi
1300 1139 1338 1186 ac
1353 1140 1448 1202 prop·

264 1216 356 1275 terea
384 1213 510 1290 partem
539 1209 853 1287 controvertentium,
889 1210 939 1273 vel
973 1215 1142 1289 utramque
1178 1209 1228 1273 vel
1262 1210 1449 1273 alterutram

264 1313 377 1364 eorum
392 1296 552 1362 sententia
567 1297 712 1378 gravari:
736 1297 808 1360 ideo
830 1296 896 1376 jam
921 1298 994 1361 olim
1018 1296 1199 1362 introducta
1222 1296 1450 1362 consuetudine

265 1390 317 1452 est
339 1404 359 1450 a
378 1384 498 1466 judicio
521 1403 583 1449 uno
609 1386 649 1448 ad
673 1385 758 1450 aliud
782 1387 986 1464 provocatio..
999 1385 1072 1448 Fuit
1087 1387 1196 1465 itaque
1213 1387 1298 1467 apud
1314 1386 1451 1467 maiores

264 1493 342 1554 mos,
367 1479 403 1537 ut
426 1492 466 1538 eu
489 1473 670 1538 civitatibus
694 1473 784 1553 regni
807 1473 968 1552 plerisque
993 1473 1149 1552 omnibus,
1174 1474 1447 1538 adomesticornm

260 1561 401 1642 judicum
425 1561 587 1625 sententia
610 1559 651 1624 ad
675 1561 816 1625 tribunal
840 1561 976 1625 Senatus
999 1560 1124 1640 Pragae
1148 1561 1279 1641 Maj0ris
1306 1561 1449 1643 appella-

262 1656 363 1728 retur,
395 1665 519 1729 paucac
543 1650 760 1713 tantummodo
785 1648 940 1727 civitatee,
972 1655 1006 1713 ut
1028 1649 1302 1728 Litomierciczae,
1326 1651 1448 1728 hanna,

263 1736 371 1816 Slana
407 1735 636 1818 Nymburgum,
672 1736 764 1801 Ostia
788 1735 975 1815 cis-Albina,
1010 1755 1079 1801 cum
1105 1738 1229 1818 oppidis
1249 1737 1372 1819 vicinis
1408 1740 1448 1802 ad

263 1826 406 1890 tribunal
423 1822 630 1890 Scabinorum
648 1825 970 1904 Magdeburgensium
991 1825 1206 1904 appellabant.
1231 1827 1308 1889 Post
1326 1825 1447 1889 cladem

262 1913 399 1993 demum,
424 1930 519 1992 quam
542 1912 618 1978 belli
636 1911 839 1977 Smalcaldici
864 1914 1030 1977 occasione
1046 1913 1189 1990 Bojemia
1213 1914 1346 1992 accepit,
1369 1914 1446 1977 Fer·

262 2000 419 2065 dinandus
454 2019 523 2078 rex,
558 2005 594 2064 ut
623 1998 830 2079 Pragensium
861 2003 928 2065 sive
960 1999 1148 2065 authoritati
1177 2002 1351 2080 obrogaret
1381 2003 1446 2065 sive

264 2079 546 2169 (quemadmodum
559 2084 681 2168 ajebat)
695 2088 812 2153 fastum
828 2088 956 2152 nimium
973 2090 1171 2168 retunderet,
1191 2089 1445 2169 Appellationum

262 2177 403 2243 tribunal
426 2166 518 2256 (aaa.
545 2171 651 2256 1548)
678 2179 709 2240 in
734 2177 837 2256 Regia
860 2195 934 2240 arce
957 2194 1015 2240 sua
1038 2177 1195 2257 l’ragensi
1217 2179 1338 2257 primus
1363 2177 1446 2242 exci-

262 2267 353 2339 tavit,
385 2265 427 2329 ad
456 2265 541 2345 quod
568 2285 630 2329 non
659 2265 762 2344 modo,
793 2269 828 2328 ut
852 2263 988 2329 antehac
1010 2266 1050 2328 ad
1076 2265 1229 2330 Senatum
1253 2265 1446 2344 l'ragcnsem

262 2371 302 2418 ex
319 2354 500 2419 civitatibus
515 2353 577 2418 illis
593 2354 765 2435 plerisque,
789 2353 846 2416 sed
870 2371 908 2416 ex
932 2353 1053 2416 cunctis
1075 2356 1173 2417 etiam
1197 2353 1293 2418 unitis
1311 2372 1445 2418 coronae

183 2517 185 2522 ¹
261 2441 442 2522 Bojemicae
481 2443 653 2521 provinciis
691 2442 933 2520 provocationes
971 2439 1096 2505 fierent.
1135 2443 1310 2507 Collocavit
1342 2444 1375 2505 in
1409 2459 1445 2506 eo

257 2529 382 2609 judices
406 2535 473 2594 tres
497 2549 536 2593 ex
560 2531 730 2607 Beronum,
763 2536 830 2593 tres
857 2547 896 2592 ex
919 2529 1125 2608 Equestrium
1156 2532 1280 2610 ordine,
1312 2536 1447 2610 quatuor

264 2636 303 2682 ex
329 2617 412 2699 juris
442 2617 634 2695 doctoribus,
665 2623 698 2681 et
729 2622 866 2696 quatuor
896 2634 935 2681 ex
966 2618 1093 2682 Veteris
1119 2617 1293 2699 Novaeque
1321 2620 1446 2698 Pragae

262 2706 394 2771 civibus
425 2706 486 2770 Est
515 2706 670 2770 hactenus
700 2705 732 2767 in
760 2723 820 2768 usu
843 2705 1070 2770 Ferdinandea
1098 2707 1222 2770 isthaec
1250 2707 1382 2785 sanctio,
1414 2712 1446 2768 et

261 2793 376 2858 sedent
399 2811 457 2873 pro
481 2793 633 2857 tribunali
656 2793 689 2855 id
712 2811 811 2874 genus
833 2793 1354 2872 provocationibus·cognoscendis
1371 2812 1445 2858 con-

262 2881 365 2946 stituti
392 2881 529 2960 judices,
562 2882 615 2962 qui
644 2882 846 2962 impugnatas
875 2899 894 2943 a
923 2883 1168 2962 provocantibus
1199 2882 1374 2946 sententias
1404 2881 1443 2944 ad

257 2968 339 3049 jnris
377 2988 521 3034 normam
557 2971 742 3034 examinant
776 2987 814 3034 ac
848 2969 897 3032 vel
932 2968 1121 3034 confirmant
1151 2969 1270 3049 judicio
1304 2987 1361 3033 suo
1395 2969 1444 3033 vel

259 3056 445 3124 reformant
482 3059 662 3122 Provocare
686 3057 869 3137 prohibenti
893 3057 942 3120 vel
964 3056 1166 3136 provocando
1186 3057 1347 3136 judicibus
1371 3067 1444 3121 con-

261 3143 374 3208 vitium
401 3145 542 3223 facienti,
573 3146 805 3225 quinquaginta
833 3163 1004 3210 aureorum
1034 3146 1154 3209 mulcta
1184 3150 1234 3209 est
1263 3146 1444 3211 constituta.

261 3232 358 3297 Valet
388 3238 494 3298 autem
525 3232 742 3298 Ferdinandei
775 3233 868 3313 hujus
898 3233 1066 3297 tribunalis
1093 3232 1248 3312 judicium
1278 3238 1311 3298 et
1339 3239 1443 3297 ratum

261 3324 312 3384 est
338 3321 467 3402 ubique,
498 3326 728 3402 praeterquam
752 3322 783 3385 in
808 3323 846 3386 iis
868 3322 982 3400 causis
1014 3322 1127 3401 quibus
1152 3321 1330 3402 decapite,
1360 3321 1444 3385 fama

259 3409 311 3474 vel
333 3408 514 3474 hereditate
536 3411 652 3489 agitur,
684 3410 715 3474 in
749 3409 862 3489 quibus
891 3411 931 3475 ab
962 3410 1023 3474 hoo
1048 3427 1173 3490 quoque
1197 3411 1348 3475 tribunali
1370 3429 1444 3491 per·

259 3495 357 3561 missa
390 3493 505 3578 cuique
537 3503 586 3563 est
618 3496 858 3579 supplicationis
882 3498 1122 3579 provocatoriae
1147 3500 1227 3578 Regi
1250 3497 1443 3576 offerendae,

259 3585 363 3665 deque
376 3584 489 3665 judicii
503 3585 555 3650 vel
568 3586 737 3666 iniquitate
755 3585 803 3650 vel
818 3586 964 3650 nullitate
979 3586 1122 3649 modeste
1139 3587 1294 3664 querendi
1307 3586 1443 3650 licentia.

260 3673 318 3738 Cui
341 3674 564 3756 supplicationi
588 3693 658 3738 cum
683 3674 823 3738 delatum
848 3674 888 3737 ab
913 3673 1001 3751 Rege
1026 3677 1084 3752 est,
1116 3674 1291 3737 remittitur
1314 3691 1354 3736 ea
1377 3692 1446 3736 cum

263 3779 379 3826 causae
403 3764 483 3827 actis
507 3761 651 3826 omnibus
676 3763 717 3825 ad
739 3761 879 3826 tribunal
896 3761 988 3839 Regii
1009 3760 1120 3838 judicii
1137 3761 1314 3839 Camerale,
1338 3761 1445 3840 ibique

259 3849 387 3913 tandem
417 3856 492 3931 post
519 3868 654 3915 examen
681 3853 864 3914 accuratum
888 3848 1048 3912 decisione
1071 3849 1182 3912 ultima
1205 3848 1322 3927 finitur,
1355 3866 1445 3912 exse-

261 3937 404 4016 quutioni
428 3957 447 4002 a
469 3937 572 4018 primo
595 3939 660 4002 litis
683 3938 846 4018 cognitore
871 3956 965 4018 quarn
990 3937 1125 4016 primum
1149 3938 1340 4002 mandanda.
1372 3935 1447 4002 Sola

257 4026 433 4105 ripensium
452 4026 595 4106 judicum
619 4028 788 4104 sententia,
825 4045 894 4091 cnm
928 4026 1036 4104 iniqua
1070 4026 1156 4105 parti
1190 4026 1361 4090 damnatae
1396 4033 1446 4088 est

258 4114 336 4192 visa,
361 4113 401 4178 ad
425 4113 559 4179 Minoris
577 4115 687 4192 judicii
710 4115 877 4178 terrestris
901 4113 1053 4178 subsellia
1076 4112 1228 4191 rejicitur.

356 4200 544 4267 Evidentius
570 4205 753 4283 igiturest,
789 4221 883 4280 quam
917 4208 952 4266 ut
986 4202 1089 4280 possit
1123 4200 1244 4281 negari,
1281 4198 1444 4278 Bojemiae

254 4307 400 4370 regnum,
424 4291 506 4356 sicut
528 4291 655 4372 optimis
679 4291 801 4369 legibus
825 4297 874 4354 est
897 4290 1086 4368 institutum,
1110 4289 1156 4354 ita
1172 4307 1244 4353 esse
1252 4289 1444 4368 judiciorum

257 4396 326 4442 cum
352 4379 534 4459 aequitate,
550 4384 616 4444 tum
641 4378 752 4444 ordine
777 4384 926 4442 accurato
949 4379 1094 4457 inprimis
1119 4374 1380 4442 commendabile.
