3270 5020
254 421 319 490 240
636 473 639 478 .
782 421 918 478 Stranslrii

252 557 303 623 101
327 558 455 639 generis
478 559 630 623 vetustati
662 558 712 624 101
736 574 902 622 munerum
927 556 1074 637 dignitati
1104 557 1154 622 101
1170 558 1315 637 denique
1340 559 1442 628 aetati

252 647 422 727 honorem,
458 665 528 711 curn
560 647 696 726 publicis
725 652 793 711 tum
824 645 957 726 privatis
980 647 1011 710 in
1035 647 1268 726 congressibus
1300 645 1443 710 debeant

251 753 401 812 serrare,
431 734 547 800 tabulis
577 736 669 814 regni
700 734 852 814 publicis,
882 735 1028 799 Baiones
1058 737 1116 799 sub
1141 733 1317 798 Wladislao
1340 732 1384 798 Η.
1408 739 1443 798 01

253 823 457 888 Ferrlinando
474 823 498 887 1.
515 813 607 902 (ann.
627 821 833 902 1501,1502,
853 812 968 902 1542),
986 822 1120 900 Equites
1138 823 1196 887 sub
1212 821 1380 902 Rudolpho
1396 821 1440 885 11.

252 912 395 990 quamvis
410 911 525 974 obnixe
542 910 835 976 contradicentibus
851 911 1026 975 nobilitatis
1039 905 1208 990 ἐπισήμοις,
1225 927 1285 990 per
1296 909 1441 990 Impera-

252 1005 340 1065 tores
352 999 404 1065 vel
415 999 522 1077 Reges
535 1000 665 1077 ornetis,
679 998 811 1062 Ordinis
824 997 914 1062 civici
926 999 1105 1078 potioribus
1118 991 1210 1078 (aaa.
1225 997 1321 1077 1609,
1330 989 1443 1075 11110)

251 1107 290 1152 01
312 1088 468 1168 temporis
492 1086 678 1167 longiusculi
702 1087 908 1151 observantia
932 1084 1155 1152 definiverunt.
1181 1087 1334 1150 Civitates
1351 1085 1441 1152 simi·

252 1176 327 1240 liter
357 1182 390 1241 et
418 1176 595 1253 civitatem,
629 1175 744 1253 quibus
768 1173 883 1252 nolunt,
918 1172 1098 1240 hominibus
1128 1175 1241 1239 liberis
1270 1173 1348 1237 dent
1378 1191 1441 1254 -pro

251 1265 404 1343 arbitrio,
438 1263 535 1327 atah
559 1263 607 1340 iis,
643 1281 721 1342 quos
750 1265 823 1344 post
852 1267 998 1327 exactam
1029 1263 1068 1327 de
1100 1262 1260 1328 natalibus
1289 1261 1441 1341 legitimis

251 1352 504 1432 inquisitionem,
536 1350 570 1414 in
598 1368 691 1416 suum
721 1351 903 1416 adsciscunt
932 1351 1091 1427 ordinem,
1123 1349 1316 1431 stipulantur
1344 1367 1441 1413 manu

252 1447 401 1512 conserte
425 1442 578 1505 coronato
594 1437 797 1518 Bojemornm
814 1439 894 1518 regi,
918 1439 1096 1519 patriisque
1119 1438 1244 1517 legibus
1267 1435 1441 1515 subjectio-

252 1547 335 1606 nem,
359 1527 562 1606 magistratui
585 1527 696 1592 urbico
720 1531 753 1592 et
767 1527 946 1591 senioribus
969 1529 1198 1604 reverentiam,
1222 1527 1254 1590 in
1276 1523 1442 1590 10110111-

252 1613 770 1697 11011311100110110100011101010
786 1613 954 1694 justitiam,
976 1616 1100 1694 ‚civitati
1123 1616 1183 1679 toti
1205 1615 1238 1679 in
1261 1613 1387 1692 techna,
1412 1615 1440 1678 si

252 1705 494 1784 quamuspiam
518 1703 591 1766 cudi
615 1703 830 1783 cognoverint,
860 1701 1086 1782 patefacienda
1108 1702 1315 1783 vigilantiam,
1343 1699 1440 1766 fidem

254 1790 380 1882 omnem
404 1798 438 1856 et
461 1810 519 1871 pro
544 1790 628 1854 virili
643 1809 754 1857 curam
770 1791 930 1870 solertem,
954 1791 1075 1871 aliquot
1092 1810 1168 1856 1010
1190 1791 1224 1854 in
1246 1790 1323 1854 10013
1341 1789 1440 1853 etiam

253 1879 473 1959 irreligionis
496 1877 694 1959 professione
718 1879 970 1944 consensionem.
1005 1880 1091 1945 Civis
1114 1884 1221 1944 antem
1245 1879 1316 1959 plus
1346 1894 1439 1955 quern

253 1969 345 2033 iunius
370 1967 508 2033 civitatis
531 1985 624 2032 nemo
648 1985 719 2032 esse
735 1972 841 2048 potest
863 1959 896 2043 ’1.
923 1965 955 2030 Si
978 1969 1048 2044 quis
1064 1967 1203 2033 civitatis
1225 1985 1260 2031 se
1275 1982 1354 2028 suae
1365 1963 1440 2044 jure

253 2057 418 2134 abdicare,
442 2072 619 2134 nomenque
643 2073 740 2136 porro
764 2054 841 2120 alibi
865 2055 950 2118 inter
973 2057 1058 2120 cives
1080 2053 1228 2136 profiteri
1251 2052 1343 2117 velit:
1379 2071 1440 2117 non

251 2145 340 2224 prins
362 2143 434 2208 istic
458 2144 588 2207 auditur
611 2162 671 2207 nec
692 2145 783 2225 prius
805 2143 836 2206 in
858 2143 1019 2208 civitatem
1036 2149 1214 2224 cooptetur,
1241 2159 1337 2221 quam
1354 2142 1440 2204 vitae

251 2232 383 2297 honeste
413 2231 664 2310 innocenterque
695 2233 783 2297 inter
813 2229 951 2296 civitatis
983 2232 1100 2312 prioris
1131 2234 1233 2297 socios
1256 2235 1440 2295 transactae

253 2319 469 2385 testimonium
486 2319 644 2398 idoneum,
663 2338 769 2385 coram
787 2320 848 2384 loci
864 2319 1055 2397 magistratu
1069 2319 1268 2399 produxerit,
1281 2316 1441 2395 iidemque

252 2408 294 2472 de
325 2407 526 2472 observande
557 2407 619 2472 loci
647 2408 816 2489 disciplina
849 2409 974 2486 pariter
1004 2412 1047 2471 ut
1068 2407 1192 2473 caeteri
1222 2405 1440 2472 obstrinxerit.

253 2495 365 2575 Neque
388 2501 512 2560 temere
537 2500 596 2574 est,
631 2497 714 2576 quod
745 2495 880 2560 diximus
911 2494 1038 2576 generis
1069 2495 1221 2560 vetustati
1243 2493 1441 2574 peculiarem

253 2586 338 2648 inter
361 2583 497 2663 Equites
521 2584 655 2663 perinde
678 2602 716 2648 ac
729 2584 813 2649 inter
829 2583 973 2650 Berones
988 2585 1114 2649 servari
1134 2583 1298 2648 honorem.
1323 2580 1442 2645 Volue-

253 2677 329 2735 runt
358 2673 441 2736 enirn
473 2671 611 2752 majores
639 2672 736 2736 etiam
767 2691 807 2736 ea
833 2672 865 2734 in
889 2689 986 2738 cause
1010 2671 1144 2736 aliorum
1167 2672 1207 2736 ab
1231 2668 1302 2734 aliis
1324 2670 1441 2734 haberi

253 2761 421 2823 rationem.
459 2757 541 2823 Sunt
565 2759 714 2824 videlicet
736 2759 769 2823 in
792 2759 961 2824 nobilitate
984 2759 1146 2839 Bojemica
1176 2775 1247 2822 cum
1270 2757 1444 2837 Beronum,

256 2865 325 2912 cum
350 2847 556 2927 Equestrium
580 2846 719 2912 familiae
750 2846 925 2927 quaedam,
956 2866 1036 2927 quae
1066 2853 1154 2912 ortus
1177 2847 1226 2912 sui
1250 2845 1444 2924 Ordinisque

256 2934 351 2999 ‹lecus
375 2953 437 2998 non
463 2935 507 2998 ita
530 2936 666 3016 pridem,
692 2936 847 3014 quaedam
872 2953 954 3014 quae
978 2941 1053 3000 ante
1071 2935 1232 2999 hominum
1257 2933 1443 2998 memoriam

254 3040 390 3101 omnem,
415 3023 572 3102 quaedam
597 3040 680 3101 quae
705 3029 790 3103 ante,
814 3021 1444 3103 010010110000110311101103Βο1000

255 3129 367 3189 reges,
407 3110 563 3189 quaedam
598 3128 682 3189 quae
700 3109 807 3190 'ante,
847 3111 1005 3187 quaedam
1042 3128 1124 3189 quae
1156 3116 1230 3190 post
1265 3108 1444 3190 plantatam

251 3197 438 3278 relign'onom
471 3197 697 3277 christianam,
732 3199 764 3264 in
799 3199 906 3280 patria
938 3218 978 3262 ex
1009 3199 1107 3288 rebus
1144 3197 1312 3279 praeclare
1344 3197 1444 3276 gestis

252 3285 463 3366 acceperunt3
494 3292 568 3351 sunt
591 3286 761 3366 quaedam,
784 3305 867 3366 quae
898 3288 1027 3366 generis
1050 3285 1216 3351 clarissimi
1239 3284 1445 3366 splendorem

252 3391 323 3438 cum
340 3373 466 3456 ,primis
497 3373 602 3453 gentis
633 3375 850 3440 conditoribus
879 3376 911 3439 in
942 3375 1025 3438 hanc
1056 3392 1145 3439 oram
1175 3374 1361 3439 attulerunt.
1402 3373 1447 3436 Bt

253 3463 398 3540 quemvis
421 3460 560 3525 fetorum
576 3462 753 3528 invidentia
769 3463 881 3543 stirpis
896 3461 1174 3543 splendidissimae
1197 3462 1378 3542 complures
1395 3460 1446 3524 101

256 3556 365 3615 nostra
381 3551 537 3613 memoria
553 3549 740 3622 defecerint,
753 3551 945 3632 penitusque
961 3550 1024 3616 sint
1035 3549 1226 3615 exstinctae:
1240 3567 1304 3614 non
1320 3566 1445 3630 paucae

253 3642 361 3702 tamen
397 3637 501 3702 adhuc
536 3643 673 3717 utroque
709 3639 740 3702 in
771 3639 884 3704 ordine
915 3644 988 3703 suot
1013 3637 1177 3718 reliquae,
1213 3655 1295 3718 quae
1318 3637 1445 3718 patriae

255 3725 406 3805 gentique
431 3743 523 3788 meae
547 3742 722 3806 permagno
746 3732 819 3795 sunt
844 3730 1042 3806 ornamento,
1067 3743 1202 3806 quarum
1218 3726 1346 3790 10110131
1362 3723 1445 3790 10110

253 3813 392 3876 omnium
416 3812 601 3876 nominatim
625 3815 820 3892 meminisse,
844 3820 971 3894 captum
996 3819 1126 3895 superet
1149 3816 1303 3893 nostrum,
1328 3812 1444 3877 nihilo·

252 3900 364 3981 minue,
392 3900 418 3963 si
441 3901 525 3966 sicco
548 3907 726 3981 propterea
749 3903 842 3983 pede,
867 3919 946 3981 ques
969 3908 1126 3982 teneatue,
1149 3900 1330 3983 praeterire
1348 3899 1446 3965 velle-

252 4006 338 4069 mus,
368 4006 430 4052 nou
454 3987 653 4058 arbitremur
683 4009 741 4055 nos
771 3990 989 4055 declinaturos
1019 3991 1254 4071 permultorum
1282 3987 1445 4052 hominum

251 4093 314 4139 non
330 4076 511 4156 iniquorum
528 4076 822 4157 reprehensionem.
848 4077 911 4142 Sua
934 4077 1032 4157 igitur
1054 4077 1194 4142 familiae
1218 4077 1333 4156 cuique
1355 4075 1446 4140 salva

250 4162 433 4243 splendoris
464 4167 707 4246 praerogativa,
745 4166 864 4232 usitato
896 4165 1065 4231 literarum
1100 4165 1213 4231 ordine
1249 4169 1283 4230 et
1313 4181 1444 4228 nomen-

252 4250 376 4316 clatura
395 4251 568 4317 vernacula
587 4245 741 4336 (linetae,
757 4255 865 4334 lingua
881 4253 944 4318 alia
960 4271 1055 4333 qnam
1071 4252 1234 4334 Bojemica
1253 4251 1446 4332 dedignetur

352 4446 375 4511 ¹)
397 4447 490 4500 Cicero
510 4463 561 4514 pro
582 4449 673 4502 anin.
694 4455 721 4501 et
741 4465 790 4516 pro
809 4446 887 4502 Balb.
