3188 5008
230 423 271 491 24
629 421 661 478 V.
683 419 850 490 Ophthalmii
868 416 1023 474 Processus.

229 561 385 640 exceptio,
418 577 500 638 quae
531 579 571 624 ex
594 560 749 642 temporis
779 559 872 640 lapsu
895 560 1105 623 substantiam
1137 561 1225 639 capit
1248 565 1281 624 et
1303 561 1419 626 actioni

233 648 389 727 objicitur.
423 648 543 712 Verum
573 649 755 728 promiscue
784 649 863 713 haec
894 649 955 712 duo
981 648 1134 711 vocabula
1157 647 1294 728 injure,
1325 654 1419 729 prout

229 737 327 801 etiam
349 735 382 799 in
405 737 466 800 hoc
488 736 655 814 Processu,
680 737 890 816 accipiuntur.
1258 731 1266 742 '

328 823 378 888 Ad
413 825 632 905 complendam
668 826 896 905 usucapionem
930 842 986 887 seu
1018 823 1307 902 praescriptionem
1335 827 1419 890 inter

230 918 360 977 caetera
383 914 558 992 praecipue
576 930 768 977 concurrere
786 913 925 976 debent:
951 911 1110 975 Continuo
1124 913 1294 993 possessio,
1315 913 1418 992 justus

230 1000 342 1066 titulus
372 1006 405 1064 et
437 1000 521 1064 bona
550 998 640 1064 fides.
684 1001 856 1080 Idcolligi
887 1000 980 1064 facile
1009 1003 1116 1078 potest
1145 1019 1183 1063 ex
1207 1001 1419 1066 dorecestre

231 1088 393 1176 Properat
415 1088 472 1152 aab
496 1087 594 1152 litero
616 1089 653 1152 F.
680 1089 733 1168 19,
758 1089 795 1155 F.
819 1088 871 1154 21.

328 1176 487 1240 Continua
502 1176 662 1255 possessio
686 1177 802 1241 dicitur
824 1195 886 1241 non
912 1175 1022 1252 solum,
1047 1193 1129 1254 quae
1145 1194 1245 1255 penes
1267 1195 1364 1240 unum
1387 1182 1420 1240 et

232 1266 367 1330 eundem
385 1268 562 1342 est,verum
579 1264 686 1342 etiam,
703 1283 785 1343 quae
801 1265 841 1329 ab
859 1282 921 1328 uno
938 1264 979 1326 ad
996 1263 1093 1327 alium
1106 1263 1248 1344 legitime
1262 1265 1420 1329 translata

140 1349 141 1352 ’
232 1358 290 1432 est,
315 1351 414 1417 veluti
444 1370 463 1415 a
495 1350 644 1416 defuncto
676 1351 904 1432 coheredem,
929 1371 948 1415 a
972 1352 1138 1416 venditore
1168 1351 1209 1415 ad
1233 1357 1420 1432 emptorem.

232 1440 318 1506 Justi
342 1439 427 1504 tituli
451 1439 577 1520 species
600 1443 693 1503 sunt:
718 1439 781 1504 Pro
805 1441 919 1521 soluto,
944 1459 1001 1520 pro
1026 1444 1180 1519 emptore,
1213 1458 1272 1520 pro
1296 1440 1425 1520 herede,

207 1600 212 1608 ,
233 1548 291 1609 pro
316 1529 444 1606 donato,
468 1546 527 1607 pro
552 1527 718 1602 derelicto,
743 1547 801 1607 pro
826 1529 945 1608 legato,
969 1546 1027 1609 pro
1044 1529 1128 1593 dote.
1152 1529 1243 1592 Boua
1264 1527 1344 1593 fides
1366 1535 1423 1608 est,

233 1617 359 1696 quando
384 1632 554 1696 possessor
576 1615 675 1680 habet
698 1615 855 1682 sinceram
878 1617 1116 1695 conscientiam,
1141 1635 1221 1695 quae
1249 1636 1322 1680 eum
1337 1622 1424 1682 certo

232 1707 364 1769 excusat
388 1704 428 1769 de
451 1703 636 1783 ignorantia
658 1704 707 1767 rei
725 1705 864 1768 valienae.
889 1705 933 1768 Et
954 1705 1014 1769 hoc
1042 1706 1082 1767 de
1105 1704 1184 1768 Jure
1209 1705 1368 1769 Caesareo
1392 1707 1424 1769 in

232 1793 427 1872 usucapione
452 1792 492 1855 ab
516 1791 606 1856 initio
631 1792 825 1856 intervenire
849 1794 966 1872 debet;
999 1797 1033 1857 et
1063 1792 1208 1856 incidens
1239 1792 1323 1856 mala
1346 1794 1425 1857 fides

231 1899 296 1945 non
318 1879 523 1959 interrumpit
550 1880 788 1960 usucapionem.
821 1881 990 1960 Requisita
1020 1882 1060 1944 ad
1092 1882 1319 1960 usucapionem
1351 1883 1428 1946 sub--

232 1969 399 2048 sequentia
423 1967 610 2040 declarant:

374 2077 446 2142 Non
469 2055 650 2158 usucapies,
674 2078 735 2142 nisi
760 2079 823 2142 sint
845 2077 904 2142 tibi
928 2076 1007 2141 talia
1031 2079 1209 2158 quinques

376 2166 472 2231 Justa
495 2164 584 2245 fideS,
606 2165 712 2245 justus
735 2166 857 2246 titulus,
882 2183 935 2229 res
957 2185 1020 2230 non
1045 2167 1169 2243 vitiosa,

257 2321 260 2328 ,
379 2256 423 2320 Ut
445 2271 498 2318 res
521 2253 681 2336 tradatur,
699 2251 739 2318 'et
762 2259 908 2335 tempore
932 2255 1144 2318 continuetur.

330 2368 379 2432 De
404 2364 483 2432 Jure
517 2370 628 2429 nostro
665 2365 818 2445 usucapio
853 2365 886 2428 in
916 2365 967 2430 hic
998 2366 1124 2432 casibus
1154 2366 1329 2446 praecipue
1361 2383 1423 2429 non

231 2455 400 2536 procedit:

289 2609 294 2616 -
332 2564 357 2627 Ι.
374 2563 412 2626 In
430 2562 519 2625 bonis
537 2561 775 2641 ecclesiasticis,
792 2566 827 2624 ut
842 2568 915 2625 sunt
930 2563 1060 2643 templa,
1077 2563 1272 2644 coemiteria,
1291 2565 1424 2641 reditus,

237 2653 391 2717 decimae,
404 2656 438 2714 et
460 2651 494 2714 id
519 2668 619 2729 genus
642 2650 706 2714 alia
730 2640 786 2730 (F.
804 2649 857 2714 38.
875 2651 937 2714 Jua
953 2651 1050 2714 Pron.
1069 2654 1113 2714 D.
1129 2643 1202 2731 42.)

310 2787 313 2792 -
334 2740 384 2804 11:
404 2741 439 2803 In
468 2738 565 2802 rebus
589 2737 735 2817 publicis,
759 2743 795 2802 ut
817 2739 850 2801 in
866 2741 1040 2818 praetorio,
1064 2740 1126 2817 via,
1141 2739 1280 2819 flumine,
1303 2739 1429 2819 plateis,

237 2827 554 2908 aquaeductibus'et
577 2825 648 2890 aliis
671 2816 727 2905 (F.
752 2815 827 2904 37.)
1381 2821 1386 2830 '

334 2914 395 2982 HI.-
427 2914 463 2978 In
498 2915 596 2978 rebus
626 2912 712 2992 fisci3
749 2919 862 2977 contra
885 2915 1020 2994 Regiam
1050 2915 1133 2978 enim
1163 2915 1367 2995 Maiestatem
1396 2921 1429 2980 et

235 3004 306 3084 ejus
329 3002 440 3067 fiscum
469 3003 680 3085 praescriptio
703 3019 766 3065 non
790 3002 900 3065 currit.

333 3091 388 3154 IV.
421 3092 458 3154 In
489 3089 628 3156 subditis
660 3095 693 3154 et
721 3089 826 3152 fundis
855 3108 915 3169 per
946 3108 1001 3154 eos
1031 3092 1198 3170 possessis
1231 3093 1284 3171 qui
1318 3099 1429 3156 contra

236 3180 381 3244 dominos
406 3180 545 3244 directos
566 3195 726 3256 nunquam
744 3177 1011 3257 praescribuntur
1033 3168 1114 3259 (Joc
1131 3179 1227 3244 Pron.
1245 3178 1287 3245 D.
1307 3174 1379 3259 47.)

335 3267 373 3330 V.
398 3268 435 3330 In
459 3266 606 3332 domibus
641 3265 835 3329 transitoriis
870 3283 927 3328 seu
949 3267 1117 3342 ⁴servitute
1152 3287 1211 3348 per
1245 3286 1300 3332 eas
1335 3267 1431 3331 eundi

238 3346 297 3435 (F.
320 3354 372 3420 37.
398 3354 486 3420 Dict.
511 3345 562 3434 1.)

334 3443 389 3507 VI.
414 3442 451 3506 In
475 3443 550 3507 dote
574 3441 745 3520 pignorata
770 3446 826 3504 aut
846 3441 1062 3521 hypotherata
1086 3433 1166 3516 (Jns
1182 3444 1278 3509 Pron.
1298 3446 1339 3508 D.
1355 3434 1426 3519 43.)

232 3593 234 3598 .
336 3531 409 3595 VII.
422 3531 459 3593 In
472 3530 565 3596 bonis
578 3529 747 3608 virginum,
762 3546 844 3607 quae
862 3534 1064 3593 remanentes
1076 3531 1109 3594 in
1122 3531 1254 3595 alterius
1270 3536 1430 3611 potestate

236 3619 357 3684 'tabulis
381 3618 472 3699 regni
495 3615 615 3698 aliquid
640 3621 859 3681 assecuratum
883 3616 1003 3682 habent
1025 3608 1107 3697 (Joa
1130 3620 1226 3684 Iton.
1244 3623 1286 3684 D.
1306 3611 1379 3696 46.)

335 3729 495 3809 Tempore
519 3725 598 3790 belli
621 3728 655 3788 et
678 3725 850 3805 epidimiae
874 3745 931 3790 seu
945 3727 1054 3806 pestis
1076 3729 1288 3808 praescriptio
1307 3746 1430 3808 quoque

237 3835 300 3882 non
322 3816 487 3896 procedit3
513 3833 552 3880 eo
578 3812 662 3878 enim
678 3818 825 3893 tempore
845 3813 920 3893 jura
941 3813 1091 3879 dicuntur
1113 3815 1207 3880 silere
1232 3806 1312 3896 (dos
1329 3817 1424 3881 ibon

237 3909 279 3970 D·
305 3894 379 4056 agi)
392 3993 464 4072 quis
488 4008 587 4055 anon
603 3987 741 4069 domino,
766 4007 859 4066 quem
876 3990 1037 4054 dominum
1053 3985 1124 4054 esse
1149 3991 1342 4073 crediderat,
1363 3993 1426 4056 fide

236 4082 318 4146 bona
349 4079 481 4144 fundum
512 4079 638 4156 emerit,
669 4075 720 4140 vel
752 4096 792 4141 ex
823 4078 1004 4157 donatione,
1035 4078 1136 4142 aliave
1170 4081 1312 4158 qualibet
1338 4080 1426 4161 justa
1525 4149 1527 4152 ,

235 4185 331 4235 causa
348 4173 382 4232 et
396 4168 460 4234 fide
477 4165 656 4246 acceperit:
674 4163 701 4228 is
717 4165 859 4228 naturali
874 4167 1000 4230 ratione
1015 4165 1150 4246 fructus,
1176 4186 1254 4246 quos
1270 4170 1424 4248 percepit,

234 4276 292 4338 pro
317 4256 442 4320 cultura
473 4261 506 4320 et
536 4272 613 4317 cura
645 4253 813 4317 obtinebit.
844 4253 922 4316 Ideo
944 4254 979 4326 ¹si
1003 4260 1118 4334 postea
1142 4257 1287 4320 dominus
1313 4273 1422 4336 super-

236 4345 360 4409 venerit
382 4351 415 4408 et
437 4343 569 4408 fundum
586 4340 807 4420 vindicaverit,
832 4340 871 4406 de
887 4339 1045 4406 fructibus
1071 4345 1233 4423 perceptis
1250 4361 1348 4424 agere
1363 4362 1424 4409 non

233 4431 355 4514 poterit
377 4421 438 4510 (H.
465 4422 538 4510 15.)
