3188 5008
667 435 719 489 Tic.
739 435 826 489 xxii.
1300 434 1338 501 41

140 639 145 650 ,
247 574 536 655 Impuhereslicet
557 553 686 655 n'uptias
716 573 906 639 contrahere
931 572 1151 652 nonpossint,
1181 569 1343 649 sponsalia

146 670 263 727 tamen
295 664 377 728 bene
407 670 539 744 possunt
562 669 640 742 post
675 663 843 742 septimum
875 662 993 728 aetatis
1019 678 1143 736 annum,
1176 657 1236 720 nisi
1258 655 1342 722 forte

145 752 276 817 malicia
301 750 452 842 suppleat
475 758 624 818 aetatem,
1166 747 1170 754 ’
1239 751 1242 756 ’

252 854 355 931 Quum
379 853 510 933 nuptiae
533 853 596 917 rite
621 857 815 917 contractae·
831 871 894 916 non
917 851 1135 916 dissolvuntur
1157 853 1218 916 nisi
1241 857 1343 926 morte

145 941 290 1006 naturali
325 945 381 1005 aut
415 941 568 1022 divortio,
606 941 727 1021 placuit
762 941 813 1004 hic
849 957 975 1019 quoque
1007 939 1135 1003 divortii
1169 941 1274 1005 ideam
1310 948 1343 1004 et

145 1047 334 1110 processum
371 1029 570 1100 subnectere.
618 1029 729 1107 Quoad
764 1035 899 1092 mortem
935 1026 1070 1091 Sanctus
1106 1028 1223 1092 Paulus
1255 1029 1342 1106 dicit,

146 1118 233 1198 quod
258 1125 384 1182 mortuo
416 1118 540 1196 marite,
571 1136 652 1180 uxor
683 1117 724 1182 sit
753 1118 822 1198 lege
853 1117 959 1179 mariti
993 1115 1106 1195 soluta,
1139 1121 1173 1181 ct
1203 1116 1342 1180 nubendi

146 1207 200 1270 cui
225 1205 303 1269 velit
325 1207 357 1269 in
382 1206 527 1282 Domino,
552 1205 673 1282 habeat
695 1205 827 1270 liberam
850 1204 1050 1270 'l'acultatenn

252 1308 429 1372 Divertiunr
445 1307 481 1370 fit
498 1314 633 1387 quatuor
656 1327 695 1370 ex
712 1310 825 1372 causis.
850 1309 957 1372 Primo
979 1313 1114 1388 propter
1130 1307 1342 1385 adulterinum

146 1416 222 1461 narn
259 1397 286 1461 si
319 1397 454 1460 maritus
479 1396 621 1459 convinci
652 1401 759 1474 potest
788 1398 828 1461 de
857 1397 1027 1472 adulterim
1057 1414 1136 1459 uxor
1166 1396 1264 1459 hahet
1290 1395 1343 1473 jus

150 1485 284 1566 petendi
307 1485 487 1563 diuortium,
513 1490 546 1548 et
570 1503 587 1548 e
612 1489 732 1548 contra.

249 1587 381 1668 Excipe.
410 1584 437 1651 1.
462 1586 496 1650 Si
520 1587 654 1650 maritus
679 1604 804 1664 quoque
828 1586 1022 1650 adulterium
1048 1585 1220 1660 cormnlsit3
1252 1584 1345 1665 paria

147 1676 234 1738 enirn
260 1674 379 1739 delicta
402 1675 475 1755 pari
501 1677 759 1754 compensatione
783 1673 947 1739 tolluntur.

251 1759 281 1828 2.
306 1762 340 1826 Si
364 1763 498 1828 maritus
522 1781 653 1827 uxorem
678 1781 769 1826 suain
792 1763 967 1843 prostituit.

249 1849 278 1915 3.
304 1851 338 1916 Si
362 1869 440 1915 uxor
464 1849 609 1932 pervim
634 1851 731 1914 luerit
754 1866 917 1930 oppressa.

250 1935 280 2004 ll.
306 1939 340 2003 Si
365 1958 443 2004 uxor
468 1939 594 2019 cognita
624 1938 721 2003 fuerit
744 1937 785 2002 ab
811 1937 927 2019 aliquo,
961 1958 1054 2017 quern
1087 1938 1241 2002 credebat
1272 1955 1344 2000 csse

147 2026 317 2108 proprium
341 2029 501 2092 maritum.
553 2067 557 2072 -
607 2084 609 2090 .

251 2111 280 2179 5.
306 2115 339 2178 Si
357 2135 436 2180 uxor
451 2116 598 2194 nupserit
615 2115 718 2190 alteri,
735 2114 871 2178 credens
889 2115 1035 2178 maritum
1054 2133 1124 2178 esse
1142 2113 1343 2188 deiunctun13

147 2218 223 2266 uam
248 2205 357 2282 priore
390 2223 520 2269 reverso
545 2203 670 2282 cogitur
694 2202 735 2269 ad
759 2221 831 2266 eurn
866 2203 976 2266 redire
1005 2209 1037 2267 et
1061 2202 1212 2266 deserere
1235 2207 1343 2280 poste-

149 2291 281 2369 riorem,
306 2310 368 2357 non
393 2295 541 2358 obstante
567 2289 742 2371 adulteri03
776 2309 876 2369 secus,
901 2292 927 2354 si
951 2291 1090 2355 scienter
1112 2295 1185 2371 pust
1206 2288 1343 2353 reditum
1373 2301 1379 2310 ·

149 2378 269 2459 prioris
294 2380 378 2461 apud
403 2380 615 2459 posteriorem
640 2379 791 2443 maritum
815 2380 1039 2460 permanserit.

255 2466 284 2531 o.
312 2469 454 2532 Sirinter
469 2467 598 2532 fidelem
614 2472 648 2530 ct
663 2466 822 2532 infidelem
843 2466 936 2531 fieret
958 2467 1129 2531 diuortium
1154 2474 1187 2531 et
1210 2464 1347 2552 infidelis

149 2561 226 2618 ante
251 2557 409 2620 secundas
430 2557 559 2635 nuptias
581 2559 834 2633 converteretur,
858 2561 934 2619 tunc
959 2574 977 2618 a
1000 2555 1086 2620 lideli
1109 2555 1209 2636 recipi
1240 2554 1344 2618 dehet.

167 2642 169 2664 ³
225 2641 280 2715 ,7.
306 2642 337 2707 Si
365 2643 513 2708 adultera
540 2641 768 2708 reconcilietur
790 2643 867 2709 viro.
889 2661 955 2723 suo,
981 2646 1032 2722 qui
1058 2664 1127 2708 earn
1161 2648 1235 2723 post
1258 2660 1343 2706 corn-

143 2731 281 2795 urissurn
308 2731 500 2797 adulterium
526 2733 565 2795 ad
590 2749 624 2794 se
648 2731 793 2810 recipiat.

254 2832 401 2898 Secundo
428 2833 464 2898 fit
488 2835 657 2898 divortium
691 2835 824 2912 propter
854 2831 1073 2900 diversitatem
1104 2834 1285 2915 religionis;
1319 2833 1344 2896 si

151 2921 235 2986 eninr
268 2922 351 2986 alter
374 2921 510 3001 conjunx
534 2921 701 2986 doctrinae
725 2937 820 2983 verae
845 2921 1001 2984 ecclesiae
1024 2922 1122 2986 fuerit
1143 2923 1254 3002 hostia,
1286 2941 1345 2986 nec

155 3009 233 3073 velit
257 3010 413 3090 converti,
438 3016 504 3073 tum
529 3017 600 3075 orta
616 3009 701 3073 inter
725 3006 878 3087 conjuges
902 3008 1099 3074 dissensione
1116 3016 1248 3090 propter
1271 3009 1344 3074 reli-

154 3099 292 3177 gionem,
328 3103 458 3162 mutuae
489 3097 742 3163 reconciliationi
772 3115 832 3159 non
863 3103 913 3160 est
940 3097 1040 3176 locus,
1072 3098 1261 3178 praesertim
1292 3097 1346 3163 uhi
1388 3151 1396 3167 .

153 3185 291 3249 infidelis
322 3186 400 3250 nolit
436 3186 572 3266 amplius
603 3185 792 3250 cohabitare
821 3183 918 3263 fideli,
951 3187 1007 3250 secl
1043 3186 1187 3252 discedat
1220 3186 1260 3250 ab
1292 3205 1345 3260 θος

152 3279 230 3337 tunc
264 3274 445 3338 admittitur
481 3275 663 3352 divortium,
699 3272 925 3350 innocentique
964 3275 1060 3339 datur
1089 3275 1225 3340 facultas
1260 3274 1346 3337 aliud

154 3361 392 3425 matrimonium
418 3381 457 3426 ex
482 3362 641 3426 sententia
664 3359 756 3423 Pauli
782 3355 810 3422 l.
836 3359 980 3426 Corinth.
1005 3360 1035 3427 7.
1060 3362 1279 3428 contrahendi.

251 3463 373 3542 Tertio,
397 3470 532 3545 propter
554 3462 761 3542 frigiditatem
789 3465 821 3524 et
844 3463 1064 3542 impotentiam
1090 3463 1225 3528 coeundi
1254 3466 1346 3527 natu-

151 3550 265 3630 ralem·
286 3568 358 3614 ‘non
391 3557 499 3617 autern
532 3551 772 3615 accidentalem.
804 3548 848 3612 Et
871 3549 930 3612 hoc
955 3570 1031 3616 casu
1056 3571 1118 3616 non
1153 3551 1251 3616 debet
1273 3549 1346 3616 fieri

153 3637 310 3718 sejunctio
334 3657 371 3702 re
395 3640 498 3704 adhuc
522 3640 629 3715 dubia,
654 3644 729 3702 ante
753 3637 939 3702 triennium:
965 3639 1021 3703 secl
1047 3641 1156 3721 elapso
1173 3640 1346 3704 constituto

152 3731 310 3806 tempore,
327 3726 353 3788 si
369 3728 541 3792 medicatio
559 3727 680 3790 frustra
697 3730 851 3802 tentatur,
868 3724 953 3790 lacta
969 3730 1184 3808 separatione,
1197 3746 1345 3808 persona,

149 3813 241 3893 cuius
260 3815 343 3879 vires
367 3815 514 3895 integrae
539 3819 625 3891 sunt,
645 3814 731 3877 aliud
757 3814 948 3878 corurahere
965 3818 1200 3882 matrimonium
1215 3817 1345 3896 poterit.

138 3927 139 3930 ’
185 3933 186 3938 ’
248 3914 309 3992 Qui
332 3918 496 3982 contrahit
519 3916 660 3981 scienter
692 3935 761 3981 cunr
789 3918 957 3995 impotenti
989 3919 1028 3982 ad
1054 3919 1210 3998 copulam,
1243 3918 1283 3982 ab
1308 3937 1347 3982 ea

155 4022 217 4068 non
242 4009 424 4083 separatur.
449 4006 613 4085 Impotens
638 4005 679 4068 ad
704 4005 863 4083 copulam,
887 4005 1046 4088 impotens
1078 4011 1127 4070 est
1150 4011 1184 4070 et
1207 4005 1245 4068 ad
1271 4024 1342 4069 con·

150 4091 342 4155 trahendum
377 4093 625 4173 matrimonium,
658 4092 723 4158 sive
757 4093 798 4156 sit
827 4093 1090 4172 impedimentum
1122 4095 1239 4158 aetatis
1280 4094 1346 4157 sive

149 4184 293 4244 naturae.

249 4268 382 4348 Quarto,
409 4269 437 4333 si
460 4271 542 4334 alter
564 4269 735 4349 conjugum
762 4267 855 4331 alteri
887 4270 1034 4334 continue
1058 4276 1194 4334 mortem
1225 4267 1347 4354 machis

156 4361 260 4420 netur.
298 4355 361 4420 Sed
396 4356 456 4421 hoc
491 4377 567 4422 casu
603 4376 678 4437 pars
714 4358 865 4420 innocens
899 4375 963 4421 nou
996 4363 1105 4437 potest
1138 4357 1277 4428 transire
1307 4357 1347 4422 ad

131 4517 133 4523 y
155 4444 295 4510 secunda
320 4449 403 4525 vota,
426 4445 488 4508 nisi
511 4451 584 4530 post
608 4449 744 4512 mortem
769 4443 871 4525 partis
894 4447 1070 4528 nocentis..
