3260 5018
194 414 259 482 260
546 493 549 502 ι
725 411 860 468 strenam

196 569 234 616 33
248 551 323 617 boni
339 552 513 616 communis
530 554 708 616 curatores.
733 550 782 615 De
805 549 844 616 iis
867 567 1002 630 quorum
1025 550 1151 615 modica
1174 554 1225 614 est
1244 557 1385 632 potestas

196 645 231 705 et
253 641 293 705 ob
316 639 477 706 hominnm
500 638 749 720 infrequentiam
781 640 887 704 rarior
917 637 1088 703 functionis
1110 655 1196 718 usus,
1229 640 1385 720 vulgoque

196 734 273 794 nota
295 729 444 806 tenuitas,
469 728 569 793 verba
591 727 691 792 multa
713 727 831 804 iacere,
855 744 908 791 res
931 731 1019 792 esset
1040 724 1147 806 nihili;
1172 744 1212 790 ea
1231 728 1387 794 duntaxat

196 833 329 882 munera
359 834 417 881 seu
447 815 562 895 officia,
596 834 680 895 quae
702 816 735 879 in
758 815 883 896 oppidis
907 815 1102 894 urbibusque
1128 815 1385 896 populosioribus

195 903 322 985 publice
335 921 373 969 ac
385 907 542 985 perpetuo
555 903 709 982 obtinent,
725 908 759 968 et
769 920 903 983 quorum
915 922 978 967 non
993 901 1133 982 vulgaris
1148 909 1197 968 331
1209 903 1385 972 authoritas

197 996 292 1072 atquc
312 991 493 1072 jurisdictio
516 992 605 1069 libet,
637 991 825 1070 compendio
854 1008 1114 1055 commemorare.
1145 991 1260 1055 Munus
1289 994 1387 1073 igitur

196 1079 403 1162 praecipuum
443 1079 475 1143 in
513 1079 646 1146 urbibus
683 1078 927 1159 municipiisque
965 1084 1025 1156 331,
1067 1078 1151 1158 quod
1190 1079 1384 1146 Senatum

197 1168 394 1234 Civitatis
419 1185 575 1248 vocamus,
600 1166 772 1232 Consilium
788 1185 903 1249 nempe
922 1166 955 1231 in
970 1165 1092 1245 Majorc
1109 1165 1263 1247 Novaque
1278 1169 1385 1249 Praga

197 1255 522 1336 octodecim-virale,
538 1255 569 1320 in
586 1255 725 1320 caeteris
741 1255 875 1320 urbibus
887 1259 921 1320 et
933 1254 1058 1335 oppidis
1070 1254 1384 1336 Duodecim-Vincla,

196 1345 336 1424 itemque
363 1343 579 1409 Praetura.
613 1343 749 1409 Senatus
777 1341 829 1407 hic
856 1342 924 1407 sive
953 1342 1117 1408 consilium
1146 1349 1304 1409 armatum
1337 1352 1387 1410 331

198 1438 264 1498 tarn
287 1431 419 1512 maj0re,
445 1450 540 1513 quam
563 1432 696 1508 minore,
723 1431 755 1495 in
779 1430 997 1495 criminalibus
1026 1430 1150 1512 pariter
1179 1436 1212 1496 et
1242 1433 1387 1498 civilibus

197 1520 313 1599 causis,
344 1518 573 1599 jurisdictione.
608 1518 714 1598 Allegi
743 1517 775 1582 in
805 1517 866 1583 hoc
897 1518 1059 1584 consilium
1088 1537 1148 1598 per
1177 1519 1265 1599 leges
1293 1539 1386 1586 nemo

196 1611 311 1691 potest,
335 1609 475 1688 quinon
498 1608 587 1688 prius
610 1608 784 1672 triennium
808 1612 880 1686 post
899 1605 952 1686 jus
975 1607 1112 1671 civitatis
1133 1608 1331 1690 acquisitum,
1355 1611 1387 1673 in

196 1697 309 1762 civium
339 1713 474 1760 numero
504 1695 709 1775 transegerit,
746 1694 900 1759 oneribus
929 1695 1164 1761 communitatis
1199 1699 1388 1774 assueverit,

195 1785 386 1864 intereaque
416 1785 664 1849 consuetudines
698 1781 822 1863 patrias
855 1782 1060 1848 familiariter
1091 1783 1309 1848 condidicerit.
1345 1785 1389 1850 Et

196 1872 342 1953 quamvis
372 1876 437 1937 tam
467 1871 500 1935 in
529 1871 706 1951 capiundis
740 1889 836 1952 qnam
865 1870 897 1935 in
929 1871 1084 1935 obeundis
1114 1872 1163 1935 his
1195 1873 1389 1947 muneribus,

196 1960 359 2040 singulare
383 1958 502 2040 aliquid
526 1959 598 2023 inde
624 1978 644 2022 a
666 1962 822 2040 tempore,
846 1957 936 2038 cujus
960 1977 1023 2023 non
1045 1965 1097 2023 est
1117 1961 1279 2039 memoria,
1303 1961 1391 2026 locus

196 2049 266 2114 iere
295 2049 513 2128 unusquisque
544 2067 583 2112 ex
606 2047 837 2113 consuetudine
860 2048 1044 2112 inveterata
1067 2047 1232 2113 observet:
1265 2047 1392 2127 injure

197 2143 306 2202 tamen
336 2135 473 2201 dicundo
504 2137 622 2217 ubique
654 2139 703 2200 est
733 2154 792 2216 pro
821 2152 933 2199 norma
952 2135 1005 2215 J'us
1028 2136 1166 2216 patrium
1190 2137 1390 2218 municipale,

198 2225 281 2305 qued
293 2225 402 2304 Praga
410 2224 527 2289 matrix
536 2224 751 2304 amplectitur,
764 2223 912 2303 quodque
922 2227 1055 2304 propter
1067 2241 1157 2288 nsum
1168 2224 1199 2288 in
1211 2225 1391 2306 municipiis

199 2330 396 2378 communem
412 2310 532 2376 Prdwo
549 2311 692 2378 Mtetclce'
707 2311 833 2376 dicitur.
858 2309 895 2374 ln
912 2309 1035 2375 Senatu
1049 2309 1109 2375 hoc
1124 2312 1246 2391 urbico,
1270 2314 1391 2392 primus

201 2399 329 2481 quidem
354 2400 475 2478 absque
500 2398 720 2465 controversia
742 2398 856 2464 ordine
879 2404 938 2478 est,
963 2399 1018 2478 qui
1042 2401 1243 2465 commodata
1265 2401 1391 2465 nobisa

200 2489 323 2554 Latinis
356 2505 431 2554 voce
456 2487 588 2553 1113333
620 2497 649 2552 ct
670 2485 851 2570 Hoapoddr'
873 2486 982 2551 Metto
997 2486 1180 2565 salutatur,
1212 2489 1328 2568 quique
1359 2491 1389 2554 in

199 2577 331 2641 oonsilio
355 2577 493 2640 omnium
518 2575 641 2655 primus
664 2575 856 2640 sententiam
880 2574 962 2638 solet
977 2574 1086 2654 rogari
1102 2581 1136 2638 31
1153 2594 1172 2640 3
1187 2575 1391 2642 multitudine

199 2664 283 2730 omni
297 2681 375 2743 prae
390 2663 460 2730 aliis
472 2662 641 2741 honorari3
666 2661 875 2728 decernendis
892 2666 1011 2741 13333,
1036 2664 1161 2743 quoties
1177 2668 1269 2729 actor
1284 2665 1391 2742 instat,

199 2770 327 2817 reorum
357 2751 389 2814 in
408 2748 461 2829 jus
485 2749 699 2830 citationibus,
724 2750 867 2829 cogendo
892 2749 1035 2828 Senatui,
1068 2752 1246 2816 tractandis
1278 2754 1389 2817 ordine

198 2839 347 2919 negotiis,
372 2839 545 2917 dirigendis
561 2837 710 2917 consiliis,
733 2837 886 2918 rogandis
909 2837 1199 2918 concludendisque
1215 2842 1391 2919 sententiis,

199 2927 390 2992 nominando
417 2944 458 2992 ex
485 2926 625 3007 collegis,
657 2944 696 2991 ac
729 2919 828 3004 (quod
858 2943 965 2990 coram
996 2945 1044 3005 eo,
1076 2925 1165 3003 cuius
1192 2946 1245 2992 res
1276 2928 1392 3008 agitur,

199 3014 281 3080 solet
301 3005 397 3094 deri),
421 3014 463 3078 ad
479 3014 648 3080 dicendum
664 3014 828 3078 invitando
846 3013 1192 3078 senatusconsultorum
1210 3016 1392 3096 promulga-

199 3104 271 3180 tori,
297 3102 431 3167 clavium
455 3107 489 3168 et
510 3102 604 3182 sigilli
627 3101 746 3183 publici
771 3100 946 3177 custodiae,
978 3101 1166 3167 moderatur
1189 3103 1307 3169 Consul
1328 3105 1393 3168 sive

201 3191 323 3256 Civium
338 3190 501 3270 magister.
518 3190 720 3255 Menstruum
739 3194 846 3254 autem
863 3188 977 3253 saltem
991 3194 1041 3253 est
1056 3190 1142 3269 apud
1158 3209 1224 3270 nos,
1241 3191 1392 3272 quemad-

200 3279 328 3343 modum
361 3278 445 3358 apud
473 3277 685 3345 Athenienses
719 3278 890 3360 prytaneia
924 3278 998 3341 olim
1030 3275 1098 3356 fuit,
1135 3279 1302 3344 consulare
1332 3279 1394 3345 hoc

201 3365 348 3444 officium,
372 3384 435 3446 quo
458 3365 491 3429 in
515 3367 626 3432 orbem
650 3363 782 3446 defungi
804 3365 891 3429 intra
914 3369 1091 3430 vertentem
1108 3384 1226 3431 annum
1249 3366 1304 3432 alii
1323 3372 1395 3449 post

201 3454 280 3519 alios
289 3454 401 3519 ordine
410 3452 523 3532 solent,
537 3453 652 3534 singuli
662 3451 975 3519 Duodecim-viralis
983 3452 1104 3517 consilii
1114 3453 1198 3518 illius
1209 3452 1392 3520 Senatores.

200 3543 287 3608 Usus
309 3542 472 3622 magister,
496 3547 532 3604 ut
555 3541 639 3620 olim,
668 3543 714 3607 ita
745 3547 779 3605 et
800 3559 915 3621 nuper,
944 3541 1054 3606 docuit
1082 3546 1210 3607 nostros
1239 3542 1394 3619 homines,

202 3649 297 3695 unam
313 3629 541 3709 exaequandae
554 3630 715 3695 libertatis
728 3628 885 3694 rationem
899 3646 980 3707 3333,
999 3627 1249 3694 313133113311333
1263 3629 1392 3711 imperi·

201 3718 289 3784 tandi
304 3711 339 3798 ¹),
364 3717 662 3799 diuturnioremqne
678 3715 772 3795 hujus
788 3715 915 3796 generis
930 3716 963 3778 in
988 3715 1171 3783 civitatibus
1187 3719 1394 3800 magistratus

201 3803 520 3882 administrationem,
544 3805 611 3870 sive
633 3810 831 3882 semestrem,
856 3803 923 3868 sive
946 3821 1094 3884 annuam,
1118 3823 1179 3869 non
1203 3807 1339 3886 perinde
1362 3808 1394 3871 in

201 3900 311 3960 nostra
332 3893 500 3975 republica
522 3899 557 3958 ut
580 3893 613 3957 in
637 3893 719 3973 aliis,
744 3910 816 3958 csse
840 3891 961 3957 civibus
986 3893 1233 3958 accommodam.
1257 3895 1302 3958 Et
1319 3895 1392 3960 ideo

201 3999 264 4048 non
286 3981 381 4047 iacile
396 3980 441 4060 fit,
465 3983 502 4046 ut
517 3981 572 4061 qui
587 3981 764 4062 funguntur
787 3980 847 4044 hoc
864 3980 1065 4060 magistratu,
1089 3980 1122 4043 in
1146 3979 1249 4062 legem
1265 3982 1393 4060 Juliam,

201 4071 252 4136 vel
287 4069 466 4153 peculatus,
501 4068 551 4136 vol
580 4070 790 4147 residuorum,
826 4068 878 4134 331
912 4069 1165 4148 repetundarum
1198 4087 1394 4151 magnopere

201 4159 325 4239 possint
359 4161 415 4222 aut
450 4157 557 4222 ausint
590 4156 788 4239 delinquere.
824 4155 884 4220 Est
927 4164 1034 4220 antem
1068 4159 1157 4221 tanto
1197 4157 1394 4238 splendidior

201 4245 294 4326 hujus
324 4243 495 4310 functionis
526 4263 564 4311 33
592 4251 723 4311 senatus
758 4243 849 4308 civici
880 4243 1028 4322 dignitas,
1063 4248 1182 4324 quanto
1220 4246 1296 4312 urbs
1331 4245 1393 4312 alia

203 4375 388 4384 -——-—-—-

305 4435 329 4504 q
346 4434 439 4489 uisus
457 4434 504 4489 3.
523 4437 550 4492 a.
