3212 5008
267 463 309 532 54
659 460 692 513 V.
712 457 881 526 Opbthrlmii
900 459 1055 513 Processus

371 602 447 668 Sine
478 603 569 684 jussu
601 601 718 682 judicis
753 606 786 666 et
828 598 917 663 dicta
960 600 1122 679 registrali
1157 601 1280 680 charta,
1314 604 1466 668 notarius

272 690 489 773 depositiones
525 691 654 756 testium
690 691 805 770 suapte
827 687 938 767 legere
974 704 1012 751 ac
1034 688 1198 769 publicare
1233 709 1295 756 non
1329 693 1465 756 tenetur

268 770 349 860 (Jua
372 779 470 844 Pron.
493 780 533 845 P.
555 770 629 858 29.)

367 868 559 933 Postumus
583 866 684 949 partis
706 865 915 948 probationes
949 863 1138 945 publicatae,
1170 867 1196 931 si
1224 884 1301 946 pars
1323 868 1466 931 adversa

274 961 365 1038 petat
387 955 448 1020 sibi
479 955 663 1022 dilationem
699 953 781 1032 dari,
815 954 847 1017 in
874 969 937 1031 qua
960 970 1034 1016 suas
1069 955 1312 1033 reprobationes
1346 960 1468 1035 postea

272 1043 432 1123 exhibeat,
455 1043 489 1107 id
511 1062 575 1124 nou
599 1042 698 1107 debet
720 1041 858 1121 admitti,
878 1039 970 1120 juxta
992 1039 1155 1120 regulam:
1194 1039 1360 1124 „Utraque
1383 1061 1465 1124 pars

268 1132 429 1300 producat
462 1136 592 1302 testes)
606 1148 711 1210 neque
734 1133 844 1194 nectat
866 1128 956 1193 dolos
983 1133 1039 1192 aut
1063 1136 1196 1194 consuat
1219 1122 1459 1196 cavillationes“

287 1221 328 1285 B.
351 1219 404 1285 58.
428 1220 517 1286 Diat.
541 1221 571 1285 1.

370 1305 525 1372 Notarius
547 1308 580 1371 in
603 1307 819 1389 publicatione
836 1304 1097 1383 testimoniorum,
1116 1306 1221 1369 omnia
1236 1307 1337 1386 gratis
1352 1307 1465 1386 legere

269 1413 307 1460 ac
330 1393 487 1476 perficere
511 1394 609 1461 debet
631 1386 690 1474 (Β.
715 1395 767 1460 57.
792 1395 854 1458 Joc
878 1393 977 1458 Proo.
1001 1396 1041 1459 Β.
1065 1383 1140 1473 24.)

368 1480 403 1546 Si
427 1484 602 1564 contingat,
626 1482 867 1564 quodpropter
891 1483 1070 1561 angustiam
1095 1481 1250 1561 temporis
1286 1487 1341 1546 aut
1365 1481 1463 1545 aliam

270 1571 413 1650 quamvis
434 1589 574 1650 causam,
591 1573 757 1650 utriusque
778 1569 881 1650 partis
896 1570 1102 1651 probationes
1123 1569 1281 1648 publicari
1299 1575 1333 1634 et
1356 1569 1463 1633 audiri

270 1664 448 1737 nequeant:
483 1665 560 1723 tunc
600 1659 673 1724 illae
714 1659 920 1740 probationes
956 1676 1027 1723 cunr
1063 1657 1209 1737 allegatis
1244 1660 1283 1722 ad
1319 1658 1461 1721 futuram

270 1746 442 1811 sessionem
472 1747 504 1810 in
530 1746 649 1826 judicio
680 1747 893 1827 deponuntur,
922 1765 963 1811 ne
1001 1747 1075 1825 quid
1100 1745 1235 1824 amplius
1267 1765 1326 1826 per
1350 1752 1465 1826 partes

270 1835 302 1898 in
326 1833 365 1898 iis
387 1835 505 1900 mutari
527 1835 629 1915 possit
652 1826 711 1916 (Β.
735 1823 809 1913 56.)

371 1921 466 1988 Circa
500 1922 747 2002 publicationem
782 1922 1045 2002 testimoniorum,
1081 1939 1157 2002 pars
1192 1928 1317 2004 partem
1353 1922 1464 2002 uerbis

273 2028 335 2075 non
359 2009 542 2088 molestare,
566 2011 623 2075 sed
639 2030 697 2092 pro
721 2009 782 2075 loci
806 2014 839 2074 et
858 2009 979 2088 judicio
997 2012 1163 2092 dignitate,
1181 2012 1278 2075 decus
1302 2015 1334 2076 et
1350 2013 1463 2076 obser-

144 2166 147 2180 ,
273 2099 413 2162 santiam
437 2116 568 2163 servare
592 2099 690 2163 debet
713 2088 772 2178 (B.
796 2091 869 2174 59.)

367 2185 404 2248 ln
438 2187 550 2252 eodem
586 2193 662 2250 actu
697 2185 921 2268 publicationis
957 2188 1213 2252 testimoniorum
1248 2193 1312 2250 tam
1348 2191 1464 2250 contra

271 2291 438 2354 personas,
453 2291 546 2354 quam
570 2274 714 2354 ipsarum
730 2275 954 2339 attestationes
976 2275 1141 2356 excipitur,
1161 2275 1235 2338 dum
1260 2276 1329 2353 quis
1352 2274 1463 2338 statim

270 2379 393 2442 causas,
419 2380 519 2442 quare
544 2362 592 2426 vel
623 2362 692 2442 ipse
722 2362 772 2426 vel
801 2361 941 2441 ipsarum
967 2363 1191 2428 attestationes
1222 2381 1284 2426 nou
1315 2362 1378 2426 sint
1403 2362 1460 2424 ad·
1589 2357 1590 2384 ¹

268 2449 457 2531 mittendae,
476 2449 636 2532 proponit,
654 2454 785 2531 utputa:
810 2449 869 2513 Est
891 2449 1027 2528 infamis,
1052 2451 1164 2530 minor,
1183 2450 1274 2530 latro,
1299 2448 1460 2530 perjurus

270 2537 318 2603 vel
341 2539 402 2602 sibi
426 2539 487 2620 ipsi
510 2539 691 2604 contrarius
716 2542 776 2603 etc.
801 2528 860 2618 (Β.
883 2538 938 2603 85.
963 2539 1051 2602 Diei.
1078 2530 1127 2620 1.)

368 2650 417 2714 lle
440 2649 519 2714 lure
543 2648 710 2715 Communi
740 2648 826 2715 iacta
848 2651 1104 2715 testimoniorum
1128 2650 1356 2732 publicatione,
1386 2669 1461 2730 per·

268 2738 438 2801 mittuntur
461 2743 582 2817 partes,
612 2739 805 2819 participato
840 2738 968 2802 consilio
993 2756 1120 2802 suorum
1151 2739 1390 2817 advocatorum,
1422 2757 1462 2802 ex

270 2825 437 2890 intervallo
461 2826 608 2906 excipere
642 2829 752 2890 contra
788 2825 875 2889 dicta
905 2830 938 2890 et
960 2843 1116 2906 personas
1146 2828 1286 2906 testium,
1316 2827 1463 2907 inprimis

272 2914 397 2993 quando
433 2931 584 2996 expresse
608 2914 648 2977 de
673 2932 710 2978 eo
734 2912 855 2977 fuerint
889 2918 1100 2994 protestatae,
1136 2913 1185 2978 uel
1217 2915 1398 2994 juraverint
1421 2915 1462 2977 de

270 3001 437 3080 calumnia,
469 3006 527 3066 ‘aut
561 3002 771 3080 ostenderint,
803 3001 886 3081 quod
911 3006 983 3081 post
1012 3001 1260 3082 publicationem
1292 3002 1463 3066 didicerint

267 3088 310 3168 id,
334 3089 419 3168 quod
447 3089 545 3154 velint
569 3095 681 3153 contra
703 3105 859 3171 personas
883 3091 1012 3154 testium
1037 3108 1120 3153 nunc
1143 3090 1294 3170 objicere.
1383 3133 1385 3136 -

369 3199 402 3264 Si
426 3199 639 3265 testimonium
664 3199 796 3278 alicujus
825 3198 922 3263 fuerit
946 3207 1172 3280 oppugnatum,
1207 3220 1304 3266 causa
1327 3221 1460 3282 suspeu-

225 3335 226 3340 η
270 3289 357 3352 ditur
380 3293 413 3352 et
441 3289 531 3353 testis
554 3306 612 3366 per
635 3292 771 3368 partem,
803 3305 986 3366 quaecum
1018 3289 1222 3368 produxerat,
1255 3290 1460 3365 certioratur,
1586 3303 1587 3320 ¹

272 3380 307 3440 ut
335 3392 407 3440 sese
431 3377 525 3439 sistat
554 3379 587 3439 et
616 3375 655 3440 de
680 3392 776 3440 causa
798 3374 912 3454 rejecti
935 3377 1119 3454 testimonii,
1150 3395 1188 3440 ex
1220 3377 1362 3459 generali
1387 3395 1461 3441 con-

270 3463 450 3539 suetudine,
482 3463 567 3527 intra
591 3463 668 3527 XIV
691 3462 761 3527 dies
789 3463 874 3544 parti
907 3463 1063 3528 adversae
1097 3467 1295 3545 respondeat
1326 3456 1384 3543 (Β.
1407 3465 1461 3529 85.

274 3551 362 3616 Diei.
385 3551 409 3616 2
432 3558 460 3614 el
481 3551 513 3616 3.
537 3551 599 3615 Jas
623 3550 721 3614 Proo.
746 3551 783 3615 P.
806 3539 881 3630 22.)

371 3660 537 3740 Ejusmodi
560 3661 652 3725 testis
676 3678 715 3723 ex
739 3677 835 3724 causa
858 3659 1009 3740 reJectus,
1033 3661 1059 3724 si
1083 3666 1206 3741 postea,
1239 3680 1332 3740 quam
1357 3662 1396 3725 de
1421 3681 1459 3727 eo

275 3749 394 3813 certior
427 3748 531 3814 iactus
555 3752 614 3826 est,
644 3749 675 3811 in
700 3747 835 3811 termino
859 3747 1000 3828 praefixo
1034 3766 1095 3812 non
1120 3750 1335 3830 comparuerit
1364 3753 1396 3814 et
1426 3769 1460 3814 se

272 3837 304 3900 in
336 3836 456 3916 judicio
492 3856 554 3901 non
589 3836 794 3916 purgaverit,
830 3836 978 3899 redditur
1011 3837 1146 3914 infamis,
1183 3838 1460 3916 testimoniumque

272 3923 356 3989 illius
384 3924 453 4006 ipso
474 3925 548 4005 jure
577 3923 614 3988 fit
644 3923 763 3988 nullum
801 3913 860 3999 (Β.
883 3922 937 3988 36.
962 3923 1040 3988 Dici
1062 3927 1092 3990 d.
1117 3927 1179 3990 Juc
1203 3925 1300 3988 Pron.
1325 3925 1362 3990 P.
1385 3916 1459 4004 22.)

369 4033 401 4098 Si
426 4053 554 4099 causam
590 4034 836 4115 oppugnationis
873 4040 984 4099 contra
1019 4039 1134 4099 testem
1163 4054 1226 4099 nou
1262 4036 1458 4115 probaveris

271 4128 345 4186 tunc
368 4123 395 4186 si
417 4123 509 4187 testis
532 4129 582 4188 est
604 4123 761 4202 subditae,
785 4121 990 4187 mulctaberis
1014 4118 1056 4184 20
1081 4141 1314 4203 sexag.g1·oss;
1340 4124 1366 4187 si
1382 4142 1458 4188 vero
1583 4151 1584 4186 ;

271 4215 320 4274 est
342 4209 447 4274 libera
470 4229 610 4290 persona
633 4216 667 4275 et
691 4228 730 4274 er
756 4209 891 4274 statibus
914 4211 1016 4290 regni,
1041 4212 1082 4274 ad
1105 4211 1319 4276 revocandum
1336 4211 1457 4290 oblige-

271 4297 367 4377 beris,
403 4299 536 4377 ipseque
571 4317 629 4380 per
660 4298 720 4363 hoc
753 4297 880 4362 infamis
904 4298 1060 4366 redderis.
1098 4299 1236 4363 Proinde
1263 4299 1458 4378 „Dill‘amsre

270 4401 630 4553 cgu3413amrevocare
655 4375 771 4466 grave“
804 4375 863 4465 (B.
887 4385 951 4462 85.
965 4387 1051 4451 Dici.
1077 4389 1107 4452 5.
1132 4389 1194 4452 Joe
1219 4388 1318 4451 Proo.
1342 4389 1380 4452 P.
1403 4387 1457 4451 22.
