3196 5010
608 416 661 474 Tit.
680 418 716 474 11.
735 424 763 472 et
781 418 829 476 Ill.
1277 423 1316 491 13

121 557 385 627 conventionibus
409 560 524 639 sponte
539 553 813 620 consentientibus
836 561 966 623 tenetur
989 564 1086 638 stare,
1107 557 1200 637 juxta
1222 557 1315 624 illud:

120 650 416 802 {aggafonventu
439 649 513 710 rata
536 649 639 722 sunto,
663 647 699 705 ut
723 643 817 709 docet
838 645 901 709 Juo
918 645 1018 733 Prap.
1044 645 1172 714 sublit.
1197 650 1236 714 A.
1262 648 1316 728 41,

221 837 311 890 Causa
321 834 440 888 efficiens
454 833 601 887 aditionem
614 839 656 885 est
669 830 798 899 obligatio
814 839 841 886 et
853 849 930 887 mora
942 833 981 886 rei
995 836 1022 888 in
1033 833 1223 887 satisfaciendo
1235 834 1316 889 farm.

224 907 379 974 Subjectum
399 912 441 958 est
459 905 598 960 consilium
618 910 646 957 et
665 903 823 958 deliberatio
843 904 968 958 adeundi.

224 979 364 1046 Objeotum
384 983 426 1031 est
444 993 561 1045 persona
576 975 686 1043 judicis.
796 987 800 992 ’

222 1052 322 1104 Forma
341 1056 391 1118 est,
411 1055 440 1101 ut
454 1047 540 1115 judex
560 1053 632 1101 recte
651 1053 679 1099 et
697 1047 893 1114 praemeditato
913 1047 1035 1102 adeatur.

223 1122 299 1175 Finis
319 1127 369 1189 est,
387 1127 418 1173 ut
437 1119 566 1174 mandato
582 1118 682 1186 judicis
702 1133 764 1172 reus
783 1118 811 1171 in
825 1118 957 1185 Judicium
976 1126 1094 1173 vocetur.
1210 1155 1212 1160 -

593 1323 654 1395 Dc
680 1320 855 1394 citatione.

529 1482 788 1581 'Titulus
830 1481 889 1546 III.

224 1618 352 1696 Citatio‚
366 1634 448 1696 quae
464 1616 582 1679 dicitur
597 1613 756 1694 quoddam
769 1614 979 1680 substantiale
992 1622 1025 1680 et
1036 1619 1317 1698 praeparatorium

120 1708 248 1788 judicii,
272 1705 348 1769 nibil
374 1703 459 1768 aliud
481 1709 540 1783 est,
565 1722 659 1783 quam
679 1704 726 1767 rei
743 1703 784 1766 ad
801 1702 942 1782 judicem
960 1705 1091 1770 vocatio.
1116 1704 1160 1769 Et
1177 1707 1244 1770 siue
1260 1707 1320 1770 hac

125 1812 300 1877 processus
321 1793 433 1873 jndicii
455 1793 524 1872 ipso
538 1790 611 1871 jure
637 1797 687 1854 est
713 1791 827 1857 nullus.
851 1780 959 1871 (Vide
978 1793 1041 1857 Jno
1066 1793 1167 1879 Prop.
1184 1797 1221 1859 A.
1248 1788 1322 1874 45.)

228 1881 344 1946 Modus
361 1887 470 1945 autem
486 1880 606 1944 citandi
628 1879 660 1942 in
684 1878 751 1944 loro
776 1877 942 1958 Progensi,
967 1881 1196 1945 consuetudine
1219 1883 1321 1946 intro-

127 1973 269 2049 ductus.
280 1969 354 2034 talis
376 1974 446 2033 est:

228 2058 304 2139 Ipsa
328 2057 437 2121 citatio
462 2055 546 2136 apud
563 2054 726 2120 consulem
742 2055 986 2136 adpetitionem
1012 2058 1141 2122 citantis
1157 2059 1188 2121 in
1204 2057 1321 2124 librum

127 2146 302 2228 publicum,
328 2163 423 2225 quem
447 2163 503 2209 nos
525 2143 675 2208 Manuale
703 2143 918 2224 appellamus,
942 2145 1147 2211 inscribetur.
1183 2146 1232 2210 Ex
1261 2166 1321 2227 quo

128 2241 245 2316 postea
274 2232 310 2298 tit
342 2238 594 2313 transsumptum
626 2251 696 2296 curn
727 2232 872 2296 omnibus
896 2232 1144 2297 circumstantiis
1173 2241 1207 2298 et
1230 2235 1324 2298 datur

130 2324 278 2387 ministro
303 2321 442 2405 publico,
467 2339 560 2399 quem
584 2320 677 2400 vulgo
699 2320 820 2384 consuli
854 2338 1079 2385 anianuensem
1111 2322 1160 2385 vel
1191 2322 1325 2388 fratrem

126 2412 272 2492 juratum
295 2409 448 2487 dicimus;
473 2409 501 2471 is
517 2409 645 2473 citando
662 2409 747 2471 domi
764 2427 852 2488 suae,
865 2407 957 2486 jussu
974 2409 1123 2488 consulis,
1148 2410 1325 2490 denuntiat,

131 2519 151 2563 a
182 2517 243 2578 quo
274 2495 308 2563 et'
339 2497 380 2561 ad
410 2514 503 2576 quem
529 2497 668 2578 J'udioem
702 2498 744 2560 sit
768 2497 898 2569 citatus,
933 2497 1124 2577 quandoque
1154 2497 1186 2561 in
1206 2499 1341 2578 judicio·

133 2605 205 2650 sese
229 2588 344 2651 sistere
369 2585 495 2649 debeat.
522 2578 579 2663 (B.
605 2587 634 2648 6.
661 2584 747 2648 Diet.
774 2586 802 2649 1.
825 2581 857 2644 <o
877 2575 930 2660 2.)

234 2674 399 2752 (litandus
429 2673 455 2756 si
479 2673 564 2737 domi
592 2673 690 2736 fuerit
711 2677 872 2752 repertun,
902 2674 970 2739 sine
1001 2692 1092 2738 mora
1115 2674 1167 2739 die
1192 2675 1225 2738 et
1246 2674 1327 2740 hora

134 2763 280 2934 pitationi
295 2760 643 2928 praefix2a)oomparere
657 2767 689 2825 et
705 2761 863 2825 actionem
879 2766 991 2827 contra
1006 2781 1040 2826 se
1057 2763 1169 2827 audire
1188 2767 1326 2827 tenetur.

154 2856 192 2916 A.
218 2851 272 2915 45.
300 2849 386 2914 Do'ot.
435 2899 441 2913 .

233 2931 296 3002 Sed
320 2939 346 3002 si
362 2937 411 3020 *ad
435 2938 570 3017 primam
589 2937 774 3001 citationem
798 2954 859 3000 non
877 2939 1169 3018 comparuerit‚de
1193 2957 1327 3003 consue-

135 3027 246 3091 tudine
272 3029 426 3090 adversus
450 3045 522 3091 eum
546 3025 650 3091 altera
674 3025 784 3089 citatio
800 3025 957 3104 procedit,
982 3028 1032 3090 cui
1045 3027 1111 3106 jnm
1128 3027 1189 3091 nisi
1228 3032 1330 3108 areat,

135 3133 238 3196 oyppo
273 3113 393 3282 sltem
430 3114 471 3176 od
506 3113 755 3193 comparendum
791 3113 822 3176 in
855 3113 925 3177 foro
950 3113 1160 3194 compellitur.
1197 3046 1249 3191 dd.
1275 3117 1326 3181 45.

135 3203 224 3267 Dtet.
251 3205 281 3268 6.
584 3265 589 3274 ,

234 3289 304 3354 Nisi
327 3288 413 3354 forse
435 3288 594 3370 legitimis·
610 3290 714 3353 causis
737 3288 909 3368 impeditus
932 3289 1048 3367 t'uerit3
1081 3309 1217 3370 namque
1252 3297 1330 3356 tuuc

135 3379 167 3442 in
181 3376 303 3459 judicio
321 3395 513 3458 quoqunque
529 3377 623 3441 modo
635 3378 722 3458 juste
739 3395 773 3442 se
790 3383 929 3455 excusat,
948 3383 980 3441 et
997 3377 1133 3442 alterum
1154 3381 1327 3444 terminum

137 3468 179 3531 ad
196 3465 452 3547 comparendum
468 3465 529 3530 sibi
552 3465 710 3545 assignari
733 3465 819 3530 licite
841 3465 931 3545 petit.
955 3456 1012 3544 (B.
1039 3469 1068 3530 6.
1095 3466 1182 3530 Diat.
1205 3457 1258 3546 2.)

235 3555 354 3618 Verum
378 3553 548 3632 citandus,
577 3553 604 3616 si
627 3553 712 3618 domi
744 3553 891 3617 inventus
914 3572 976 3616 non
999 3553 1097 3618 fuerit
1130 3559 1163 3618 et
1187 3573 1260 3636 spes
1284 3558 1326 3619 sit

136 3661 210 3706 eum
233 3642 288 3706 illo
313 3642 363 3705 die
388 3641 474 3706 domi
492 3641 654 3706 futurum:
680 3647 755 3704 tuno
771 3640 879 3705 citatio
897 3658 956 3719 per
972 3660 1198 3706 amanuensem
1219 3644 1325 3708 domui

136 3731 238 3810 ipsius
262 3728 349 3806 affigi
372 3729 421 3793 vel
447 3729 576 3794 inscribi
600 3737 633 3795 et
656 3731 696 3793 de
719 3747 759 3791 ea
780 3746 859 3792 uxor
883 3729 933 3792 vel
961 3730 1079 3793 t'amilia
1102 3730 1185 3795 illius
1209 3735 1325 3796 certio-

140 3818 208 3882 rari
232 3822 348 3898 potest.
373 3815 431 3886 (B.
457 3820 486 3883 6.
513 3819 599 3883 Diot.
626 3819 654 3884 1.
684 3848 720 3856 -·
746 3817 809 3881 Jns
832 3817 928 3880 Pron.
957 3817 987 3883 Ο.
1012 3809 1065 3899 3.)

236 3905 325 3969 ldem
349 3907 444 3970 etiam
468 3911 616 3969 servatur
640 3908 670 3970 in
702 3906 852 3969 citatione
876 3905 1021 3985 testium,
1046 3925 1104 3986 pro
1130 3907 1327 3987 deponendis

137 3993 348 4162 testimonib,
384 4012 465 4074 quae
500 3991 570 4056 fieri
601 3995 766 4058 consuevit
788 4011 849 4073 per
873 3992 1001 4058 abactas
1026 3995 1180 4059 dissectas
1211 3987 1268 4072 (B.
1295 3999 1324 4060 6.

139 4080 225 4149 Do'at.
269 4131 276 4148 .
983 4086 986 4092 '

154 4237 158 4242 ,
236 4167 380 4246 Quatuor
402 4174 476 4233 sunt
498 4168 615 4249 legalia
630 4168 868 4250 impedimenta,
885 4188 967 4249 quae
984 4171 1115 4235 citatum
1132 4190 1151 4236 a
1175 4173 1327 4237 citatione

142 4263 175 4320 et
195 4274 300 4337 poena
324 4259 542 4322 contumaciae
566 4257 731 4323 relevant:

237 4345 263 4410 1.
287 4345 485 4426 Captivitas;
520 4347 604 4425 capti
628 4347 713 4410 enim
738 4346 778 4410 ab
802 4346 947 4411 hostibus
976 4347 1089 4412 merito
1125 4353 1325 4426 excusantur,

139 4433 214 4512 quia
239 4433 381 4513 legitime
404 4434 643 4515 impediuntur,
679 4440 712 4497 et
735 4435 760 4497 si
792 4437 915 4512 reversi
937 4436 1077 4514 luerint,
1101 4436 1334 4517 postliminium·
