3188 5008
638 425 858 483 mnam
1301 441 1344 511 m

410 569 524 640 betula,
543 575 695 634 monstrans
714 577 872 639 armonem
889 585 1084 658 exceptionum.

400 705 594 761 declinatoriae
624 677 639 813 p
648 673 682 726 ad
702 675 789 729 minus
810 686 1005 763 competentem
1020 683 1140 750 jndicem
1163 690 1281 753 vocetur,
1361 748 1374 769 Ι

406 766 408 771 .
434 777 495 861 fqri'
514 779 597 863 yeluti
648 753 799 872 actplpiippjn
827 750 929 806 habeat
946 759 1049 819 Justam
1071 762 1187 810 aetatem
1207 755 1298 810 standi
1317 759 1343 811 in

436 866 459 902 ⁸¹
475 867 536 918 ‘³⁰¹⁵
624 819 702 960 lnojn
721 891 773 942 rite
785 861 844 960 ’pro
863 895 1058 950 consuetudine
1076 896 1128 952 fori
1148 899 1183 952 sit
1201 900 1309 954 citatus.

400 1025 543 1082 dilatoriae
563 1033 713 1102 solutionis,
732 1039 762 1086 ut
781 1036 804 1088 si
822 1041 865 1088 est
883 1043 993 1104 pactum
1013 1039 1119 1095 deuon
1138 1045 1249 1109 petento
1270 1042 1342 1095 intra

436 1105 539 1153 certum
558 1109 673 1172 tempus.
722 1115 724 1120 '

843 1255 866 1308 1.
886 1252 925 1304 rei
945 1251 1099 1324 judicatae,
1131 1272 1201 1324 quae
1219 1257 1344 1311 renovari

876 1329 1048 1463 rpnsspotest
1071 1327 1116 1396 (Q.
1137 1332 1162 1385 6.
1190 1328 1240 1381 Jus
1264 1327 1344 1383 Prov.

843 1469 867 1522 i.
887 1435 1093 1534 t13onfoooeionis3
1132 1468 1206 1536 quod
1249 1486 1344 1538 nempe

666 1534 739 1605 facti,
761 1541 792 1588 ut
878 1537 999 1604 legitima
1012 1539 1196 1593 transactione
1210 1548 1252 1594 est
1273 1543 1345 1609 sopi-

148 1613 344 1691 Excepppones‚
666 1609 790 1675 exceptio
878 1609 1345 1752 iffiid(apm¹i3huiu¹ie⁸iligitatip¹¹33

842 1756 866 1808 3.
886 1751 941 1804 litis
954 1722 1068 1822 finitae·
1078 1754 1188 1822 quaudo
1202 1726 1248 1822 jus
1263 1725 1341 1822 prae·

878 1823 1026 1890 scriptione
1045 1824 1224 1879 estamissum
1243 1829 1291 1894 (A.
1302 1829 1345 1894 52,

877 1895 910 1947 F.
924 1897 968 1965 21,
988 1897 1038 1950 Jus
1059 1896 1185 1952 Proui).
1199 1903 1256 1966 37.)

175 1744 246 1796 quae
258 1745 365 1784 reorum

176 1851 254 1888 arma
271 1837 364 1890 dicun·
401 1858 609 1926 peremptoriae,

176 1948 230 2011 tur,
242 1952 305 1997 sunt
318 1952 366 1998 aut
431 1943 500 1995 quae
513 1927 614 1982 factum

431 1999 575 2052 deductum
842 2043 929 2091 metus
966 2037 1064 2106 causa3
1098 2039 1121 2091 Si
1149 2041 1213 2107 quid
1248 2057 1345 2109 nempe

878 2116 965 2162 metus
992 2125 1075 2164 cansa
1106 2113 1268 2174 promissum
1298 2119 1346 2166 aut

877 2180 978 2233 factum
1007 2187 1057 2250 est,
1094 2181 1166 2236 illius
1194 2184 1268 2237 nulla
1302 2189 1345 2237 est

878 2251 1016 2318 obligatio.

842 2323 897 2378 doli
914 2323 993 2391 mali3
1007 2329 1165 2378 contractus
1176 2340 1272 2392 nempe
1282 2326 1344 2380 dolo

878 2394 949 2448 malo
968 2395 1110 2464 inductus,
1134 2396 1194 2462 ipso
1216 2397 1279 2464 jure
1301 2404 1343 2451 est
1389 2459 1390 2462 Ἴ

878 2465 977 2519 nullus,

842 2538 956 2606 erroris,
981 2544 1012 2590 ut
1037 2541 1061 2592 si
1085 2544 1151 2606 puto
1171 2555 1213 2592 me
1234 2539 1343 2609 debere,

878 2609 951 2677 quod
970 2626 1025 2664 nou
1045 2611 1137 2666 debeo.

842 2697 897 2734 non
915 2687 1072 2736 numeratae
1091 2682 1236 2751 pecuniae,
1263 2699 1343 2750 quam

379 2755 389 2826 ι
878 2753 986 2819 speravi
1004 2759 1031 2807 te
1050 2759 1261 2810 numeraturum.

431 2072 616 2136 perimunt.Et

356 2199 359 2203 ,
430 2149 493 2194 sunt
513 2150 560 2196 aut

661 2358 741 2427 juriS,
761 2365 791 2410 ut

666 2431 789 2496 exceptio

400 2989 462 3060 De
487 2988 700 3086 usucapione
723 3013 781 3060 scra
803 2981 1093 3086 praescriptione.

608 3148 797 3213 Titulus
831 3150 888 3214 XI.

248 3284 331 3361 Quia
343 3283 495 3364 usucapio
510 3300 566 3348 seu
578 3283 793 3364 praescriptio
805 3284 1027 3364 principaliter
1039 3285 1078 3349 ad
1094 3284 1147 3364 jus
1165 3287 1344 3367 excipiendi

151 3373 307 3453 pertinet,
332 3377 366 3436 et
381 3373 489 3436 titulus
510 3373 550 3436 de
575 3371 711 3436 diversis
731 3375 765 3436 et
786 3372 1016 3453 temporalibus
1038 3374 1345 3454 praescriptionibus

152 3466 227 3540 post
242 3459 384 3539 reliques
406 3460 629 3540 exceptionum
646 3459 770 3540 species
787 3461 817 3523 in
839 3461 870 3523 li.
885 3459 1103 3541 subjungitur:
1123 3462 1221 3542 igitur
1235 3463 1346 3528 ordine

150 3550 197 3614 sie
227 3548 424 3628 requirente,
455 3547 601 3613 absoluto
625 3549 846 3627 exceptionum
870 3548 972 3626 titulo,
1006 3551 1046 3613 de
1070 3551 1264 3629 usucapione
1288 3570 1344 3616 seu

151 3637 406 3717 praescriptione
429 3655 533 3716 pauca
555 3635 607 3701 hic
629 3635 773 3700 inserere
798 3638 897 3699 visum
922 3644 980 3702 est.

250 3725 413 3805 Usucapio
431 3725 548 3790 dicitur
560 3723 696 3803 adjectio
715 3725 845 3788 dominii
860 3743 920 3805 per
931 3725 1205 3790 continuationem
1217 3744 1343 3806 posses·

152 3813 251 3877 sionis
276 3814 429 3892 temporis
446 3813 516 3893 lege
534 3809 657 3876 definiti
681 3803 736 3891 (F.
754 3803 829 3892 28.)
838 3837 851 3892 ;
874 3818 908 3876 et
927 3813 1176 3894 appellationem
1193 3814 1291 3880 habet
1307 3835 1345 3882 ex

150 3921 202 3981 eo,
228 3901 314 3979 quod
337 3901 402 3964 solo
427 3919 496 3981 usu,
521 3899 581 3964 hoc
603 3905 663 3979 est,
688 3901 890 3981 possessione
913 3918 966 3964 res
989 3901 1146 3981 capiatur.

251 3989 413 4068 Usucapio
435 3989 620 4053 introducta
642 3993 693 4052 est
714 3989 796 4052 bono
820 3989 958 4069 publico,
993 4008 1034 4054 ne
1057 3987 1181 4054 scilicet
1204 3987 1342 4070 buerun-

152 4079 266 4141 darum
290 4095 397 4144 rerum
422 4077 485 4140 diu.
500 4082 534 4142 et
556 4075 623 4139 fere
647 4093 774 4156 semper
796 4077 920 4141 incerta
938 4078 1078 4142 dominia
1102 4084 1219 4159 essent,
1245 4097 1342 4158 quum

151 4163 316 4230 sufficeret
351 4165 486 4230 dominis
520 4164 561 4227 ad
594 4165 802 4244 inquirendas
837 4182 890 4230 res
929 4182 1004 4229 suas
1041 4167 1154 4230 statuti
1189 4169 1342 4248 temporis

153 4253 302 4333 spatium.
318 4253 362 4316 Et
375 4251 482 4318 differt
498 4253 798 4333 apraescriptione,
813 4253 898 4332 quod
914 4252 969 4317 illa
985 4254 1027 4317 sit
1041 4272 1150 4318 rorum
1167 4255 1343 4335 mobilium,

151 4341 232 4405 haec
256 4358 331 4405 vero
355 4340 572 4415 immobilium,
596 4341 657 4420 vel,
688 4342 771 4420 quod
794 4341 849 4404 illa
881 4341 922 4404 sit
945 4341 1113 4420 acquisitio
1131 4341 1262 4405 dominii
1284 4363 1344 4423 per

152 4429 404 4509 possessionem,
442 4428 584 4508 legitimo
622 4433 768 4508 tempore
809 4430 1048 4508 continuatum
1078 4429 1158 4494 baec
1196 4447 1274 4494 vero
1305 4433 1347 4495 sit
