3270 5020
251 483 317 554 268
780 481 916 552 Stranskii

253 639 347 687 nemo
381 626 507 702 potest;
547 619 685 698 alioquin
721 621 967 700 exsequto'rialia
1004 621 1216 684 decernentur
1251 618 1368 696 statim,
1407 622 1441 680 et

253 714 430 787 contumax,
456 721 457 726 ’
465 713 561 789 prout
584 709 709 790 meruit,
745 708 794 772 vel
830 708 1035 773 mulctabitur
1071 708 1123 770 vel
1150 706 1284 770 vinculis
1313 714 1376 784 aut,
1413 705 1441 768 si

254 815 346 862 rasus
368 796 400 861 id
425 797 587 876 deposcat,
620 813 714 860 manu
737 796 867 860 militari
892 796 1101 860 coercebitur.
1133 795 1203 857 Rex
1233 795 1330 858 etiam
1359 795 1439 873 ipse,

252 885 387 966 perinde
416 890 452 948 ut
482 884 562 948 alius
592 884 702 963 quivis,
734 890 863 949 tenetur
893 885 923 946 in
955 883 1051 947 rebus
1082 883 1296 948 controversis
1327 900 1439 946 eorum

251 973 422 1054 cognitioni
446 989 484 1035 ac
506 972 645 1036 decretis
669 979 770 1050 stare;
800 990 862 1051 quo
885 978 993 1036 tamen
1015 972 1048 1035 in
1072 989 1157 1050 casu,
1186 977 1222 1035 ut
1245 970 1437 1035 conveniens

253 1062 401 1142 dignitati
425 1061 522 1124 decus
545 1061 758 1141 honestasque
783 1062 982 1138 observetur,
1015 1061 1047 1122 in
1068 1060 1120 1139 jus
1143 1065 1210 1123 tum
1235 1077 1348 1122 vocare
1372 1064 1439 1121 tum

252 1151 359 1216 vocari
388 1150 458 1213 Rex
492 1148 617 1213 nonnisi
650 1168 710 1229 per
739 1149 984 1212 Procuratorem
1015 1167 1116 1227 suum,
1154 1148 1366 1211 vetustissimo
1400 1163 1439 1208 ex

252 1256 340 1304 more
364 1237 535 1301 consuevit.
567 1236 765 1301 Exercendis
791 1236 919 1315 judiciis
949 1237 1168 1316 superioribus
1196 1235 1330 1313 judices,
1361 1251 1440 1297 non-

254 1328 313 1391 nisi
336 1344 375 1389 ex
398 1325 574 1402 nobilitate,
604 1323 808 1390 inferioribus
838 1325 962 1389 nonnisi
994 1342 1032 1387 ex
1064 1324 1184 1388 civibus
1213 1322 1349 1386 maxime
1372 1321 1440 1386 ido·

253 1416 305 1478 nei
329 1415 443 1494 quique
467 1419 500 1477 et
522 1413 627 1476 lanae
649 1413 835 1492 integrioris
859 1412 919 1477 viri
943 1412 1134 1492 alleguntur.
1165 1411 1306 1476 Cavetur
1331 1415 1440 1474 tamen

254 1502 470 1582 utplurimum,
506 1518 546 1564 ne
578 1501 610 1564 in
645 1501 803 1566 subselliis
837 1501 951 1566 iisdem
985 1500 1100 1564 sedeat
1133 1499 1256 1578 collega
1283 1498 1333 1562 vel
1359 1496 1441 1561 filius

255 1592 355 1670 patris
387 1591 435 1653 vel
460 1588 563 1653 irater
584 1586 705 1654 fratris.
738 1590 858 1654 Locum
880 1589 912 1652 in
936 1588 1068 1653 concilio
1090 1594 1202 1652 tenent
1225 1605 1281 1650 suo
1306 1587 1439 1665 quisque

255 1678 377 1758 ordine,
400 1677 446 1740 illi
469 1695 508 1740 ex
531 1677 647 1740 aetatis
670 1674 872 1756 familiaeque
896 1677 1131 1756 praerogativa,
1155 1675 1187 1738 hi
1208 1695 1247 1740 ex
1263 1673 1440 1754 coryphae-

256 1784 345 1830 orum
374 1766 483 1828 rlaasis
514 1781 590 1829 suae
622 1765 850 1844 assignatione.
887 1764 941 1828 Uti
969 1782 1079 1828 omnes
1111 1764 1229 1828 vestitu
1261 1763 1377 1826 decoro
1408 1766 1443 1824 et

256 1854 381 1917 incessu
415 1855 491 1917 viris
527 1853 622 1932 digno
654 1851 808 1931 jubentur
833 1847 868 1932 ¹).
905 1851 1114 1932 Superiorum
1137 1869 1190 1928 res
1214 1850 1440 1930 judicataeac

255 1942 432 2024 decisiones
454 1947 545 2006 ratae
569 1945 642 2004 sunt
666 1946 698 2004 et
721 1941 846 2005 validae
871 1941 991 2020 absque
1014 1941 1241 2020 provocatione
1266 1939 1365 2016 omni3
1399 1937 1440 2000 ab

255 2030 443 2094 interiorum
467 2030 627 2093 sententia
650 2047 835 2109 provocare,
861 2031 1004 2109 exceptis
1026 2029 1226 2106 facinorosis,
1250 2031 1343 2092 uerno
1367 2043 1442 2105 pro-

253 2118 389 2205 hibetur.
426 2118 546 2182 Cursus
575 2135 672 2196 porro
704 2117 830 2182 illorum
861 2134 965 2195 neque
996 2135 1015 2179 a
1046 2117 1135 2196 Rege
1165 2133 1268 2194 neque
1300 2113 1340 2178 ab
1372 2112 1442 2192 ejus

255 2206 409 2270 ministris
442 2205 611 2287 impedire,
647 2223 706 2269 nec
736 2206 829 2270 homo
862 2205 1038 2285 quisquam,
1075 2203 1240 2283 quominus
1268 2202 1320 2281 jus
1350 2219 1439 2264 suum

256 2295 308 2358 via
330 2293 472 2373 legitima
494 2294 646 2375 persequi
670 2294 797 2372 audeat,
822 2293 998 2358 absterreri
1021 2291 1178 2358 mandatis
1201 2290 1273 2354 ullis
1293 2279 1438 2362 debet²).

255 2383 459 2463 Interruptus
490 2381 587 2447 nihilo
616 2382 717 2447 secius
748 2380 808 2446 init
837 2397 949 2446 cursus
977 2379 1086 2445 hic'et
1110 2380 1329 2444 conticuerunt
1351 2377 1441 2456 leges

255 2471 427 2550 pleraeque
458 2487 566 2534 omnes
597 2470 637 2533 ab
661 2469 842 2534 Weoceslai
866 2470 965 2548 Regis
989 2487 1121 2535 excessu
1144 2474 1228 2531 totos
1253 2465 1438 2542 octodecim,

256 2563 329 2637 post
358 2557 593 2639 Sigismundum
627 2577 645 2620 e
677 2559 755 2622 vivis
785 2557 944 2621 sublatum
976 2562 1060 2620 totos
1095 2554 1334 2634 quatuordecim
1369 2552 1441 2632 plus

256 2646 357 2710 minus
382 2663 479 2710 annos
502 2664 613 2710 verum
634 2647 786 2725 iniquitas
808 2654 989 2726 temporum
1011 2643 1147 2722 illorum,
1180 2662 1243 2708 nou
1266 2642 1440 2705 incolarum

256 2734 460 2814 truculentia,
485 2735 628 2798 ordinem
650 2734 733 2798 hunc
755 2740 831 2798 tunc
855 2733 1056 2798 conturbavit
1071 2750 1109 2795 ac
1124 2733 1290 2811 pervertit.
1315 2728 1441 2792 Instau-

257 2827 347 2885 ratus
370 2827 477 2886 tamen
501 2821 619 2900 isfuit,
645 2841 714 2886 cum
740 2823 779 2886 ab
799 2823 879 2901 Imp.
897 2821 1098 2898 Sigismundo
1122 2810 1214 2898 (aaa.
1233 2809 1348 2898 1437),
1373 2822 1441 2880 tum

257 2909 441 2974 aLadislao
464 2910 596 2990 regibus
619 2903 709 2990 (aaa.
729 2901 834 2990 1454)
861 2909 991 2974 simulac
1014 2908 1193 2988 respirasse
1217 2926 1237 2971 a
1259 2906 1362 2971 turbis
1385 2905 1442 2968 ali-

258 2999 444 3076 quantulum
469 2998 670 3078 respublicae
695 3004 744 3062 est
769 3001 843 3062 visa.
876 2998 956 3062 Sunt
978 3014 1074 3077 porro
1099 2996 1305 3075 magistratus
1328 2993 1381 3058 isti
1404 3010 1444 3055 ac

252 3085 394 3165 judicum
418 3085 577 3165 subsellia,
602 3105 684 3165 quae
701 3086 763 3150 dici
777 3087 950 3167 Superiora
965 3085 1111 3162 diximus,
1135 3083 1267 3164 proprie
1285 3081 1440 3161 quaedam

256 3173 368 3254 Regia,
392 3175 550 3252 quaedam
566 3173 735 3253 popularia
751 3174 1012 3251 seuTerrestria,
1036 3172 1172 3250 ideoque
1196 3171 1327 3250 capiunt
1346 3169 1443 3246 juris-

258 3260 430 3327 dictionem
462 3263 544 3326 haec
578 3263 706 3341 quidem
741 3281 760 3326 a
793 3261 919 3343 populo,
956 3261 1010 3324 illa
1041 3279 1115 3324 sero
1144 3259 1286 3338 aRege.
1323 3257 1444 3322 Occur-

256 3351 402 3414 reutibus
425 3351 530 3415 causis
554 3349 744 3431 diflicilibuS,
782 3369 927 3431 quaeque
961 3349 1086 3413 altioris
1118 3355 1191 3412 suut
1221 3345 1379 3425 indaginis
1411 3347 1469 3407 et'

259 3439 439 3517 intricatae,
464 3437 584 3504 habent
608 3438 648 3501 ad
671 3438 823 3518 Magnum
846 3439 950 3517 Regni
973 3437 1124 3505 Senatum
1149 3434 1314 3515 praesides
1338 3437 1444 3498 caete-

258 3544 366 3591 rorum
400 3527 606 3592 tribunalium
640 3544 749 3590 omnes
784 3528 817 3590 in
849 3524 1039 3590 definiendis
1066 3525 1169 3590 dubiis
1195 3531 1370 3600 recursum,
1405 3539 1445 3583 ex

258 3615 389 3695 ejusque
431 3615 592 3695 responsis
631 3615 820 3679 sententiam
858 3613 906 3678 liti
945 3613 1143 3678 decidendae
1181 3609 1296 3675 ferunt.
1343 3607 1446 3688 Regia

254 3701 376 3780 judicia
399 3721 476 3783 pars
499 3722 538 3767 ex
561 3700 740 3768 Beronibus
764 3708 920 3781 constant,
948 3720 1025 3782 pars
1048 3721 1087 3765 ex
1111 3699 1291 3779 Equitibua
1320 3714 1446 3761 eorum-

260 3808 320 3869 que
354 3809 504 3856 numerus
539 3792 637 3870 Regis
672 3792 807 3855 arbitrio
842 3790 946 3870 major
980 3808 1050 3853 esse
1084 3793 1210 3869 protest
1244 3785 1294 3850 vel
1329 3787 1446 3861 minor3

259 3879 483 3959 l'errestriurrr,
515 3885 550 3943 ut
579 3879 631 3957 qui
661 3878 786 3958 legibus
817 3885 866 3942 est
896 3877 1054 3958 delinitus,
1090 3895 1153 3940 non
1182 3879 1297 3955 potest.
1329 3873 1446 3937 Certae

258 3984 383 4047 quoque
407 3973 481 4032 sunt
503 3987 541 4032 ac
566 3965 714 4031 delinitae
739 3985 866 4045 causae,
901 3983 979 4045 quas
1003 3967 1042 4030 ab
1067 3965 1116 4028 bis
1139 3962 1190 4028 vel
1212 3962 1274 4026 illis
1298 3959 1446 4040 cognosci

259 4057 398 4135 ruaiores
423 4054 599 4120 voluerunt.
629 4055 781 4119 Consulta
804 4060 1011 4133 utrorumque
1035 4073 1094 4133 per
1119 4056 1348 4130 consurgentes
1373 4066 1447 4113 con-

257 4144 321 4208 cilii
347 4144 498 4225 collegae,
530 4144 674 4207 Berones
707 4135 774 4220 (ubi
803 4161 842 4206 ex
871 4143 952 4221 legis
984 4142 1185 4205 ordinatione
1217 4140 1240 4200 ii
1272 4129 1446 4213 intersunt)

261 4231 347 4312 duos,
383 4231 597 4311 Equitemque
633 4250 729 4295 uuum
760 4230 958 4311 promulgari
985 4248 1053 4293 mos
1080 4235 1147 4308 est;
1182 4225 1448 4303 strictissimaque

258 4326 309 4386 est
331 4337 370 4385 ac
391 4337 546 4400 perquam
572 4319 707 4400 diligens
730 4319 823 4398 hujus
847 4319 943 4382 moris
967 4317 1160 4382 observatio.

357 4514 382 4580 ¹)
403 4511 498 4565 Comit.
519 4529 581 4566 aun.
604 4515 679 4570 1615.
717 4509 742 4579 ²)
763 4512 858 4566 Comit.
879 4529 942 4566 anu.
962 4515 1038 4569 1575.
1059 4512 1161 4578 Hagec.
1184 4525 1246 4576 ann,
1268 4508 1346 4566 1250.
1440 4562 1443 4570 ,
