3212 5008
247 485 289 553 86
559 519 567 535 ,
650 482 682 537 V.
703 479 871 550 Ophthalmii
889 479 1044 535 Processus.

247 667 250 672 .
326 662 329 674 ,
1372 605 1444 672 Pag.

252 702 427 764 Matrimonia
445 703 543 771 quibus
562 719 594 757 ex
614 704 703 759 causis
721 703 940 772 redintegrantur
1000 743 1364 760 .........
1402 703 1437 770 42

249 800 280 853 In
300 795 491 851 matrimoniali
510 812 593 850 causa
612 798 787 852 domesticum
806 799 987 853 testimonium
1006 798 1117 852 multum
1137 803 1227 866 potest
1270 841 1276 852 .
1313 839 1318 851 .
1358 839 1364 851 .
1402 798 1436 856 14

249 891 418 947 Meretricem
437 891 539 946 ducens
552 891 634 959 juxta
652 893 775 946 Canones
792 892 973 949 remissionem
994 899 1166 961 peccatorum
1186 894 1313 961 impetrat
1359 935 1366 947 .
1403 924 1436 932 -

250 983 351 1039 Mulier
369 984 493 1038 adultera
512 984 611 1038 amittit
629 985 717 1040 dotem
733 1027 1366 1043 ...............
1402 1015 1438 1026 —-

247 1077 358 1132 'Mulier
376 1077 480 1133 nubens
499 1077 571 1131 intra
589 1094 688 1132 annum
706 1080 804 1150 luctus,
823 1097 877 1135 non
895 1081 1009 1136 ineunit
1026 1080 1163 1136 infamiam
1185 1123 1368 1136 .....
1404 1085 1439 1141 45

245 1258 357 1315 Metarii
375 1258 492 1315 officium
511 1255 583 1325 quod
601 1255 629 1308 in
647 1255 845 1312 examinatione
863 1258 970 1312 testim
1004 1303 1010 1315 .
1049 1301 1055 1313 ,
1093 1302 1099 1312 .
1137 1301 1143 1312 .
1180 1300 1187 1312 .
1224 1299 1231 1312 .
1270 1299 1276 1310 .
1313 1298 1319 1311 .
1358 1300 1364 1312 .
1403 1263 1435 1316 30

246 1353 396 1410 ‘Notorium
414 1368 468 1407 non
488 1355 550 1418 eget
567 1350 727 1418 probatione
784 1394 1366 1409 ..............
1404 1358 1436 1412 28

249 1447 414 1516 Muptiarum
434 1444 529 1499 divisio
558 1485 1363 1502 ...................
1402 1452 1434 1506 39

253 1541 372 1611 Nuptiae
390 1538 531 1594 solvuntur
549 1546 636 1592 morte
655 1544 682 1592 et
700 1539 815 1595 divortio
871 1582 877 1595 .
915 1582 921 1594 .
959 1583 965 1595 .
993 1579 994 1582 η
1004 1581 1366 1596 .........
1402 1545 1433 1597 11

249 1632 368 1702 Nuptias
387 1649 442 1687 non
461 1633 629 1701 concubitus,
649 1632 696 1687 sed
716 1650 863 1688 consensus
882 1633 948 1688 iacit
962 1677 1366 1692 ..........
1403 1641 1437 1694 39

253 1726 457 1797 Nuptiaequid
513 1736 1437 1790 ‘38

244 1821 366 1890 ‘Nuptiae
385 1819 476 1876 licitae
494 1825 521 1875 et
539 1819 648 1874 illicitae
667 1837 736 1889 quae
781 1864 1364 1879 ..............
1402 1830 1436 1884 39

250 1957 385 2045 Occidens
405 2003 591 2056 aggressorem
610 2003 699 2056 poena
717 1988 855 2043 homicidii
873 1990 997 2044 eximitur
1046 2031 1364 2046 ........
1403 1997 1433 2050 71

251 2083 438 2140 Occultatorea
457 2081 593 2137 latronum
612 2080 746 2150 quomodo
765 2081 915 2149 puniuntur
962 2124 1366 2140 ..........
1403 2090 1437 2143 74

246 2262 377 2316 Parentes
397 2256 532 2328 quomodo
552 2256 701 2313 succedunt
718 2258 811 2314 liberis
831 2265 945 2329 etquae
964 2277 1056 2316 eorum
1075 2261 1180 2328 species
1225 2303 1231 2315 .
1268 2303 1274 2315 .
1313 2303 1319 2315 .
1358 2304 1364 2316 .
1401 2263 1439 2319 36

249 2351 412 2408 Partitorum
431 2351 533 2406 crimen
559 2393 1365 2410 ...................
1403 2358 1438 2414 75

247 2448 330 2501 Pater
349 2443 432 2498 filiam
453 2445 603 2500 adulteram
622 2445 731 2514 impune
750 2447 873 2502 occidere
892 2454 983 2516 potest
1003 2488 1365 2504 .........
1402 2455 1438 2510 68

249 2541 396 2609 Pauperiea
427 2581 654 2595 ......
677 2611 678 2616 ¹
691 2583 1053 2598 .........
1069 2591 1071 2594 .
1092 2585 1364 2599 .......
1403 2548 1437 2602 76

250 2636 375 2712 ¹Plagium
394 2633 458 2703 quid
477 2639 592 2703 atquae
611 2635 668 2702 ejus
688 2652 777 2704 poena
827 2677 1366 2694 .............
1403 2639 1438 2696 75

246 2727 424 2784 Parricidium
443 2728 507 2797 qnid
528 2734 556 2782 et
573 2745 642 2798 quae
661 2729 718 2798 ejus
738 2747 827 2800 poena
869 2773 875 2786 .
914 2774 920 2786 .
959 2775 965 2789 .
1002 2775 1007 2787 .
1036 2773 1037 2776 ,
1047 2773 1363 2788 ........
1401 2737 1436 2791 72

247 2825 393 2900 Peccatum
411 2826 507 2877 contra
524 2828 649 2876 natauam
669 2824 741 2893 quod
760 2829 788 2879 et
805 2825 863 2893 ejus
883 2842 972 2894 poena
1004 2868 1363 2882 .........
1400 2831 1435 2884 68

247 2917 392 2973 Peculatus
412 2916 476 2984 qnid
496 2920 523 2969 et
541 2932 610 2985 quae
629 2917 701 2971 illius
720 2934 809 2986 poena
827 2962 1232 2975 ..........
1259 2963 1276 2994 η.
1314 2963 1320 2974 .
1357 2963 1363 2976 .
1402 2924 1436 2978 79

247 3008 409 3079 Peregrinus
429 3024 446 3061 a
464 3024 514 3064 auo
532 3008 640 3076 hospite
659 3014 751 3077 potest
769 3012 899 3066 arrestari
955 3053 1361 3067 ..........
1399 3017 1432 3070 62

246 3105 337 3160 Poena
355 3101 489 3171 quomodo
509 3099 617 3155 differat
634 3117 651 3155 a
668 3103 769 3157 mulcta
824 3147 830 3158 .
869 3147 874 3158 .
913 3145 919 3158 .
957 3119 963 3132 ·
1002 3147 1007 3158 .
1046 3147 1073 3165 .,
1091 3146 1362 3159 .......
1399 3110 1433 3163 63

245 3197 397 3255 Poenarum
417 3209 517 3262 genera
558 3236 1363 3252 ...................
1401 3229 1434 3236 -

245 3292 344 3345 ¹Poena
362 3288 455 3356 iniusti
473 3288 590 3342 carceris
648 3329 1007 3343 .........
1025 3273 1030 3284 ’
1046 3331 1362 3346 ........
1400 3293 1433 3348 76

248 3381 390 3438 Possessio
409 3380 539 3435 continua
557 3379 604 3434 ubi
622 3381 767 3449 requiritur
780 3423 1363 3439 ..............
1401 3389 1434 3442 14

249 3474 447 3532 Postliminium
466 3473 511 3543 qui
529 3473 647 3528 retinent
691 3517 697 3529 .
736 3518 741 3530 .
779 3517 785 3530 .
823 3517 829 3530 .
867 3518 873 3531 .
912 3519 917 3530 .
956 3519 961 3531 .
999 3519 1004 3531 .
1043 3519 1049 3532 .
1089 3518 1095 3532 .
1133 3513 1138 3532 .
1178 3519 1362 3533 .....
1402 3482 1433 3535 13

250 3568 439 3636 Praesumptio
459 3567 523 3636 quid
543 3573 570 3621 et
588 3567 735 3636 quotuplex
781 3611 1364 3626 ..............
1400 3573 1428 3628 51

244 3661 445 3722 Praevarieatio
467 3703 1140 3719 ................
1163 3707 1164 3712 ,
1177 3702 1361 3720 .....
1400 3671 1435 3724 80

243 3757 372 3814 Probatio
392 3755 456 3824 quid
476 3760 503 3809 et
522 3759 587 3824 quot
606 3755 663 3824 ejus
683 3757 787 3824 speeies
821 3800 1360 3814 .............
1398 3761 1432 3814 27

245 3849 417 3905 Probandum
437 3845 502 3917 quid
520 3847 548 3901 in
567 3846 625 3902 loro
689 3891 1360 3908 ................
1399 3882 1432 3889 -

243 3946 407 4004 Procurator
426 3941 490 4012 quid
509 3947 537 3996 et
555 3942 704 4011 quotuplex
730 3985 1315 4003 ..............
1343 3959 1359 3999 ’.
1400 3947 1432 4002 18

241 4040 408 4094 Procurator
426 4037 453 4090 in
472 4037 657 4100 criminalibus
676 4055 730 4094 non
748 4041 899 4095 admittitur
952 4083 1272 4097 ........
1286 4083 1316 4121 .·
1353 4083 1360 4096 .
1399 4071 1432 4079 -

240 4129 416 4186 Procuratori
436 4134 567 4199 quantum
586 4147 636 4199 pro
657 4131 779 4199 qualibet
798 4147 882 4187 causa
901 4133 1016 4189 solvitur
1045 4171 1317 4192 .......
1345 4131 1362 4184 ’.
1399 4161 1433 4168 -

241 4221 393 4278 Publicatio
413 4222 523 4278 testium
543 4224 678 4293 qaromodo
695 4225 745 4279 fiat
776 4269 781 4280 .
819 4251 853 4281 .’
864 4268 1183 4282 ........
1211 4228 1227 4280 ’.
1266 4269 1271 4280 .
1310 4268 1316 4278 .
1355 4267 1359 4278 .
1398 4227 1433 4282 53

243 4317 381 4372 Publieari
399 4334 453 4372 nno
473 4321 535 4372 actu
554 4317 672 4386 partium
691 4318 845 4397 testimonia
863 4318 963 4374 debent
1000 4361 1359 4376 .........
1398 4321 1432 4376 54

234 4405 276 4466 'ln
295 4410 479 4480 publicatione
491 4411 608 4480 manum,
627 4427 786 4466 eoncessum
800 4419 842 4466 est
856 4413 980 4481 excipere
993 4414 1088 4469 contra
1107 4428 1238 4482 personna
1251 4412 1359 4466 testium

252 4512 254 4516 ’
292 4509 319 4558 et
338 4519 429 4558 eorum
448 4503 634 4558 attestationes
681 4547 686 4560 .
726 4547 731 4559 .
771 4546 777 4559 .
816 4525 854 4558 .·
865 4546 1140 4561 ......
1152 4533 1154 4537 -
1266 4548 1272 4560 .
1313 4547 1318 4558 .
1356 4546 1362 4558 .
1401 4534 1432 4542 -
