3188 5008
229 372 272 442 40
626 361 657 415 V.
679 360 847 428 Opbthalmii
867 361 1022 414 Processus.

233 505 302 585 ejus
336 500 467 566 relictae
503 499 598 564 alium
634 500 793 584 maritum,
828 499 855 565 is
890 499 953 566 erit
980 500 1057 565 mihi
1085 499 1188 565 affinis
1218 502 1251 568 in
1283 501 1431 566 secundo

234 611 362 674 genere.
389 587 440 654 Sic
463 588 561 654 ctiam
586 588 627 654 de
649 605 760 653 sorore
783 606 856 653 mea
879 593 936 653 aut
958 587 1026 668 ejus
1049 589 1179 654 marito.

333 693 476 757 Tertium
494 689 659 756 affinitatis
682 709 782 772 genus
798 691 967 771 estquod
990 691 1195 756 constituitur
1211 692 1433 757 mediantibus

234 784 337 847 tribus
350 779 504 861 personis.
522 779 665 845 Persona
676 798 791 860 nempe
804 779 944 845 secundo
959 779 1072 860 generi
1087 799 1146 861 per
1158 781 1262 846 carnis
1278 780 1429 860 copulam

235 871 372 951 adjecta,
398 867 562 932 constituit
590 868 721 932 tertium
752 885 871 947 genus;
896 873 932 932 ut
953 869 1068 934 relicta
1097 866 1209 933 fratris
1242 869 1304 933 mei
1334 886 1429 945 uxor,

234 956 417 1040 quaemihi
451 959 501 1022 est
529 957 562 1020 in
590 956 693 1036 primo
725 973 845 1035 genere
880 955 1053 1031 affinitatis,
1091 960 1164 1036 post
1192 955 1261 1036 ejus
1289 961 1428 1021 mortem

234 1049 343 1128 nupsit
371 1043 460 1124 Cajo,
496 1044 550 1121 qui
583 1048 633 1108 est
662 1044 738 1108 mihi
768 1044 800 1107 in
837 1044 976 1108 secundo
1004 1062 1133 1124 genere.
1171 1043 1248 1125 lpse
1277 1044 1429 1123 decessit,

235 1135 331 1214 Caius
363 1138 469 1198 autern
509 1131 603 1196 aliam
639 1133 738 1212 duxit,
772 1136 806 1198 et
833 1132 889 1196 illa
919 1136 969 1196 est
998 1132 1073 1196 mibi
1108 1133 1139 1197 in
1169 1133 1266 1197 tertio
1307 1151 1432 1212 genere

236 1223 410 1287 affinitatis.
445 1219 537 1284 Nunc
572 1220 754 1298 quaeritur:
794 1219 912 1286 Utrum
948 1225 1072 1285 mortuo
1107 1221 1184 1302 Cajo
1218 1222 1316 1286 liceat
1350 1221 1430 1284 mibi

236 1313 354 1376 ducere
378 1310 447 1390 ejus
462 1309 631 1374 relictam?
656 1309 699 1372 Et
718 1308 886 1387 deciditur,
903 1309 985 1388 quod
1002 1308 1056 1389 sic,
1078 1309 1153 1388 quia
1173 1310 1347 1375 secundum
1371 1314 1431 1372 aut

236 1401 367 1464 tertium
382 1415 482 1477 genus
498 1395 663 1461 affinitatis
679 1396 773 1461 hodie
787 1415 849 1461 non
864 1397 1000 1478 impedit
1015 1397 1260 1462 matrimonium.
1284 1396 1426 1461 Primum

236 1488 318 1552 enim
343 1504 445 1565 genus
469 1489 591 1548 tantum
626 1485 735 1548 obstat
757 1485 887 1566 nuptiis,
919 1486 951 1550 ιιι
976 1503 1037 1564 quo
1061 1485 1261 1550 contrahitur
1289 1483 1430 1548 alfinitas

235 1577 320 1640 inter
351 1571 500 1654 sponsum
537 1578 592 1636 aut
625 1574 879 1653 consanguineos
911 1590 1057 1654 sponsae,
1089 1578 1145 1638 aut
1174 1573 1312 1637 vicissim
1343 1573 1430 1636 inter

236 1681 385 1744 sponsam
417 1667 473 1726 aut
496 1660 750 1742 consanguineos
780 1663 897 1741 sponsi.
926 1661 1016 1726 Inter
1039 1661 1293 1741 consanguineos
1321 1665 1427 1724 autem

236 1752 344 1833 sponsi
368 1756 423 1815 aut
446 1768 583 1830 sponsae
607 1745 694 1814 nulla
726 1755 775 1814 est
799 1749 946 1829 affinitas,
971 1768 1053 1828 quae
1077 1750 1232 1830 impediat
1264 1748 1426 1814 matrimo-

237 1842 334 1905 nium.
367 1839 451 1903 Hinc
480 1843 539 1915 est,
570 1837 653 1917 quod
684 1841 740 1917 pat
742 1843 840 1902 eret
827 1838 958 1902 tfifius
988 1837 1111 1916 possint
1098 1837 1263 1902 dtucere
1292 1843 1428 1900 matrem

237 1934 293 1992 aut
280 1927 421 2006 fitlia'm,
447 1926 474 1989 si
505 1925 602 1989 vidua
626 1924 786 1989 videlicet
762 1930 887 1992 ttexat
888 1942 1009 2006 ,quae
1032 1925 1129 1990 babet
1117 1925 1261 2004 fitlianr,
1290 1929 1346 1988 aut
1369 1926 1427 2006 vir,

237 2017 291 2095 qui
313 2016 414 2080 babet
400 2013 549 2092 tfilium;
581 2018 637 2076 aut
624 2013 722 2076 tduo
745 2011 810 2077 frat
798 2019 865 2080 tres
888 2018 1022 2101 pessunt
1045 2015 1162 2078 ducere
1188 2014 1267 2077 duas
1288 2030 1425 2077 sorores

335 2118 467 2198 Quarta,
498 2116 629 2196 nuptiae
654 2114 802 2181 dicuntur
830 2117 961 2182 illicitae
993 2116 1119 2181 ratione
1144 2115 1429 2196 consanguinitatis

236 2206 358 2288 legalis,
384 2210 419 2268 ut
441 2207 526 2270 inter
549 2208 676 2284 patrem
700 2207 734 2267 ct
747 2203 858 2283 filiam,
875 2204 1008 2268 fratrem
1025 2210 1059 2269 et
1073 2222 1217 2268 sororem
1234 2204 1427 2284 adoptivam.

237 2298 308 2360 Hae
330 2294 462 2374 nuptiae
494 2298 527 2357 et
561 2296 802 2374 consequentes
833 2299 957 2358 tantum
988 2293 1058 2371 lege
1082 2293 1133 2356 vel
1165 2311 1286 2357 canone
1310 2297 1343 2357 et
1365 2310 1428 2355 nnn

239 2389 356 2448 natura
387 2387 605 2462 repugnante,
635 2385 671 2442 ut
705 2380 845 2460 prioreS,
883 2380 923 2445 de
958 2381 1073 2459 quibus
1108 2381 1228 2446 dictum
1263 2385 1323 2460 cst,
1352 2399 1427 2445 con-

235 2471 426 2547 trabuntur;
453 2474 486 2534 et
508 2469 580 2536 ideo
605 2468 809 2548 appellantur
833 2469 872 2532 de
892 2468 965 2548 jnre
988 2469 1128 2534 inutiles

334 2570 461 2648 Quinto,
491 2571 617 2636 ratione
647 2569 795 2650 publicae
832 2570 1019 2652 honestatis
1049 2577 1085 2637 ut
1118 2573 1145 2638 si
1174 2570 1240 2635 filia
1272 2570 1429 2634 senatoris

237 2661 375 2724 nuberet
409 2658 513 2738 alicui,
550 2663 652 2722 arten]
687 2656 841 2722 ludicram
875 2660 1048 2724 exercenti.
1084 2661 1121 2724 ln
1156 2658 1429 2740 conjunctionibus

238 2747 320 2813 enim
355 2764 419 2810 non
450 2747 552 2810 solum
577 2745 651 2825 quid
684 2744 789 2826 liceat,
820 2747 876 2811 sed
907 2753 941 2812 et
969 2748 1045 2825 quid
1074 2750 1242 2812 honestum
1273 2747 1324 2825 sit,
1355 2764 1428 2809 con·

235 2834 373 2900 siderari
397 2833 503 2908 debet.
527 2834 667 2898 Proinde
687 2833 767 2897 bene
784 2833 864 2899 dure
887 2841 996 2900 nostro
1021 2836 1080 2900 sub
1104 2835 1149 2900 lit.
1167 2836 1210 2899 M.
1230 2833 1280 2897 42.
1308 2832 1423 2898 consti-

237 2929 341 2988 tutum
360 2928 419 3001 est,
435 2940 476 2987 ne
493 2921 641 2995 arenarii,
659 2921 936 3002 quadruplatores
953 2923 1049 3003 mimi,
1074 2923 1208 3002 cinaedi,
1230 2920 1428 3001 bancorupti,

238 3018 272 3077 et
293 3012 326 3074 id
350 3027 450 3090 genus
475 3011 529 3074 alii
551 3008 680 3074 inutiles
712 3007 864 3091 homines
896 3010 1049 3077 honestas
1074 3011 1194 3090 viduas,
1226 3009 1366 3090 virgines
1396 3016 1429 3072 et

136 3133 139 3140 -
206 3099 386 3198 ’pupillas
418 3097 618 3163 ιιιιιιιιιιοιιιο
643 3097 704 3162 sibi
728 3098 860 3179 adjungi
884 3105 1068 3183 attentent;
1095 3101 1174 3164 alias
1197 3098 1429 3162 mulctarentur

238 3188 322 3252 arbit
309 3186 371 3251 trio
392 3185 545 3264 judicum.
561 3186 718 3250 ldemt
667 3191 726 3265 est,
752 3187 778 3250 si
796 3188 866 3266 quis
882 3179 1188 3268 consanguineorum
1207 3187 1315 3268 sponsi
1333 3187 1429 3260 ducat

237 3278 268 3338 in
300 3292 431 3338 uxorem
455 3274 523 3352 eius
548 3275 784 3354 desponsatam.
815 3275 948 3341 Novot
935 3281 1041 3342 tamen
1069 3275 1144 3354 jure
1174 3275 1261 3340 nulla
1289 3255 1428 3354 dignitas

236 3362 385 3444 prohibet
409 3380 481 3426 cum
505 3362 606 3428 libera
629 3380 768 3442 persona
792 3364 920 3444 nuptias
943 3364 1100 3430 contrahi.
1170 3368 1173 3372 '

335 3463 442 3543 Sexto,
473 3464 598 3527 ratione
629 3469 741 3544 raptus
766 3463 909 3543 virginis,
940 3464 1036 3544 idque
1062 3464 1137 3528 de
1125 3484 1197 3545 Jure
1221 3464 1333 3544 Civili3
1357 3481 1428 3527 nam

236 3553 276 3615 de
307 3551 381 3631 jure
410 3551 568 3616 Canonico
601 3556 658 3631 pot
646 3554 709 3615 test
743 3568 813 3615 esse
849 3551 1083 3616 matrimonium
1120 3554 1208 3618 inter
1237 3558 1365 3632 raptam
1395 3556 1428 3614 et

235 3644 310 3720 rapt
313 3656 411 3702 orenr.

334 3725 422 3805 Sept
414 3744 487 3804 ιιιιο,
522 3727 645 3790 ratione
681 3725 858 3826 spiritualis
893 3727 1102 3826 cognationis,
1140 3746 1221 3807 quae
1259 3732 1308 3791 est
1342 3726 1427 3790 inter

236 3812 567 3894 eum,quipuellu1n
603 3815 744 3895 suscepit
775 3834 814 3879 ex
838 3815 1007 3895 baptismo,
1036 3820 1069 3879 et
1099 3818 1202 3896 ipsam
1232 3819 1423 3894 susceptam

335 3915 467 3994 Octatv0,
503 3916 628 3982 ratione
663 3915 819 3982 contracti
852 3916 1062 3998 matrimonii,
1095 3919 1149 3997 qui
1179 3919 1263 3982 enim
1295 3933 1425 4025 uxorem

235 4001 343 4082 habet,
370 4003 465 4068 aliam
488 4003 607 4068 ducere
630 4023 692 4070 non
716 4024 756 4086 po
759 4005 847 4072 terit

332 4103 410 4168 Illae
427 4109 501 4168 sunt
516 4123 633 4171 causae
636 4107 771 4186 ,quibus
786 4105 918 4184 nuptiae
935 4105 1074 4170 reddunt
1062 4111 1113 4168 tm
1127 4105 1191 4170 de
1180 4124 1253 4186 pure
1264 4105 1424 4170 Canonico

236 4191 375 4256 illicitae.
398 4194 534 4258 Ceterae
551 4212 660 4259 omnes
677 4199 750 4258 sunt
764 4195 881 4271 licitae,
900 4193 975 4256 dunr
992 4197 1099 4258 tamen
1114 4213 1274 4275 personae
1291 4193 1424 4272 liberae,

237 4281 370 4344 masculi
392 4283 532 4362 puberes
556 4287 589 4347 et
611 4282 747 4347 feminae
770 4281 1009 4361 viripotentes
1033 4299 1107 4346 cunr.
1126 4299 1283 4346 consensu
1306 4299 1426 4361 eorum,

237 4386 370 4447 quorum
395 4369 522 4433 suntin
546 4375 717 4450 potestate,
742 4369 978 4435 matrimonium
1003 4369 1201 4436 contrahant
