3270 5020
659 1349 665 1361 ’
721 1351 773 1425 Ex

195 1511 322 1615 Pauli
354 1510 579 1617 Stranskii
609 1543 740 1649 opcrc
772 1508 1062 1647 „Respublica
1092 1507 1298 1642 Bojcma''

600 1738 702 1824 caput
723 1737 901 1805 xl-xvl.

662 1950 846 1968 *a

626 2117 775 2186 CAPUT
799 2117 867 2185 XI.

414 2277 477 2356 De
508 2281 710 2355 Ordinibus
736 2280 856 2378 Rapui
883 2279 1077 2378 Boy'emiuc.

247 2466 272 2531 1.
290 2465 406 2531 Modus
426 2465 543 2545 aliquis
559 2471 668 2530 certus
683 2466 831 2545 ratioque
847 2467 880 2530 in
893 2466 1054 2531 hominum
1072 2465 1156 2531 omni
1180 2466 1341 2530 consocia-

146 2554 235 2620 tione
259 2559 367 2635 potest
397 2553 567 2618 manifesto
599 2554 773 2632 observari,
806 2571 869 2632 qua
899 2555 947 2618 vir
976 2554 1042 2619 viro
1072 2559 1258 2634 praestare,
1283 2573 1343 2634 par

147 2642 199 2708 vel
223 2643 331 2722 impar
354 2659 427 2706 esse
452 2649 671 2722 cognoscatur.
697 2641 758 2704 Hic
782 2641 910 2722 virtute,
935 2642 987 2706 hic
1010 2642 1138 2720 generis
1162 2642 1341 2722 splendore,

144 2730 198 2795 hic
223 2749 318 2811 opum
343 2731 574 2810 magnitudine,
605 2729 658 2792 hic
685 2729 755 2807 loci,
786 2729 819 2792 in
850 2747 912 2808 quo
944 2731 1127 2808 collocatur,
1159 2731 1342 2809 erninentio,

149 2818 247 2884 alteri
271 2818 445 2883 antecellit.
470 2818 680 2882 lnoleverunt
697 2835 736 2880 ex
751 2816 801 2882 his
816 2817 885 2882 fere
901 2819 1067 2899 principiis
1084 2817 1164 2882 certi
1180 2819 1211 2882 in
1232 2818 1344 2898 politia

145 2924 274 2985 quoque
291 2924 329 2970 ac
346 2906 448 2970 omnis
465 2907 593 2985 generis
608 2906 920 2985 rerumpublicarum
938 2912 1035 2985 statu,
1053 2906 1183 2971 honoris
1200 2906 1340 2986 dignita-

144 2995 252 3072 tisque
264 2995 394 3074 gradus
408 2994 558 3070 conditio,
569 2994 750 3071 discrimen,
766 3011 827 3072 quo
841 2993 949 3074 populi
964 2993 1154 3058 universitas
1167 2994 1224 3058 sub
1238 2995 1339 3074 magi·

145 3086 268 3147 stratus
284 3083 397 3146 surnmi
413 3081 547 3162 imperio
565 3086 670 3146 certos
687 3081 718 3143 iu
735 3079 869 3145 ordines
885 3099 922 3146 ac
939 3083 1038 3146 veluti
1055 3083 1173 3146 classes
1190 3082 1344 3146 distincto

144 3175 179 3234 et
203 3170 243 3233 ab
268 3169 382 3233 ultima
405 3170 491 3250 vulgi
522 3169 694 3249 promiscui
718 3168 814 3232 turba
837 3174 964 3233 secreta
987 3169 1136 3234 habetur.
1176 3169 1231 3235 Sic
1255 3176 1289 3234 et
1311 3170 1343 3234 in

145 3257 291 3337 Bojemia
306 3264 418 3323 nostra
432 3257 512 3322 fecit
528 3258 615 3321 inter
629 3256 773 3322 horiones
790 3256 910 3322 incolas
922 3257 990 3334 ,iarn
1007 3257 1081 3322 olim
1097 3258 1219 3337 gradus
1238 3270 1345 3322 certos

145 3344 1344 3426 provideantiquitasetrudlvulgoadserviliaalrjecto,populumnaturae

144 3433 286 3498 melioris
317 3434 357 3496 ad
388 3433 643 3498 constituendum
673 3431 869 3512 reipublicae
898 3451 1014 3513 corpus
1042 3433 1174 3512 delegit,
1206 3451 1344 3512 euinque

143 3521 281 3601 perinde
312 3521 404 3585 acin
428 3520 662 3602 rebuspublicis
686 3521 826 3586 caeteris
850 3526 985 3586 status
1008 3523 1047 3585 in
1071 3537 1194 3599 reguo
1219 3539 1343 3586 mumu-

144 3609 244 3689 pavit.
272 3609 382 3673 Voluit
405 3617 513 3674 autem
538 3609 646 3673 Status
670 3610 742 3673 illos
765 3626 849 3687 suos,
874 3610 954 3674 alios
971 3627 1096 3689 quoque
1114 3609 1154 3672 ab
1178 3608 1250 3672 aliis
1273 3627 1344 3674 csse

144 3696 319 3775 discretos;
344 3701 381 3760 ut
405 3697 554 3762 videlicet
577 3697 632 3760 alii
655 3697 687 3760 in
712 3696 840 3776 templis
864 3697 1030 3777 diguitatis
1053 3697 1157 3762 locum
1177 3701 1342 3776 caperent,

144 3784 200 3850 alii
222 3787 253 3849 in
279 3785 385 3864 curiis,
424 3784 470 3850 illi
502 3791 537 3850 ut
560 3792 775 3866 procurarent
798 3784 977 3864 religionis,
1009 3785 1042 3847 ni
1072 3802 1148 3849 vero
1171 3783 1275 3865 hujus
1307 3790 1343 3848 ut

145 3872 245 3952 ajunt,
276 3872 397 3937 saeculi
421 3873 560 3952 negotia,
592 3877 625 3936 et
649 3878 684 3936 ut
705 3892 765 3937 nec
788 3873 834 3936 illi
859 3873 965 3937 civilia
985 3875 1193 3953 attingerent,
1226 3872 1342 3937 iacchi

143 3961 244 4024 rebus
266 3977 302 4025 se
326 3961 426 4025 sacris
441 3961 676 4044 „immiscerent
708 3959 798 4027 Sicut
822 3962 892 4041 ipsa
914 3980 960 4040 re,
985 3962 1087 4027 itaet
1110 3959 1341 4040 significatione

144 4047 268 4112 diversi
291 4056 399 4112 erant:
424 4048 573 4112 Rddoroe'
594 4055 623 4111 ei
646 4049 810 4113 sconaowe.

243 4135 286 4198 11.
321 4135 415 4200 Unde
446 4137 564 4216 duplex
588 4137 619 4199 in
644 4136 788 4216 Bojamia
813 4136 923 4200 Status
946 4136 1078 4216 proprie
1110 4135 1171 4200 fuit
1202 4155 1341 4218 semper,

143 4222 394 4289 Ecclesiasticus
429 4243 545 4304 nempe
582 4230 616 4288 et
656 4225 820 4289 Politicus.
865 4224 1110 4288 Ecclesiasticus
1146 4226 1212 4290 sive
1248 4243 1341 4289 sacer

143 4315 271 4375 constat
295 4330 334 4375 ex
357 4313 592 4390 sacerdotibus,
616 4314 648 4375 iu
674 4313 788 4392 quibus
812 4317 886 4377 sunt
902 4309 1173 4392 archiepiscopus
1198 4311 1341 4392 ejusque,

144 4416 239 4478 quem
263 4405 389 4478 vocant,
419 4399 642 4480 suffraganeus
674 4407 708 4465 et
738 4399 894 4478 officialis,
926 4400 1119 4480 capitulares
1143 4401 1235 4464 Arcis
1258 4401 1338 4466 Pru·

142 4486 260 4567 gensis,
285 4488 512 4554 coenobiorum
538 4488 683 4568 abbates,
706 4488 893 4569 praepositi,
917 4487 1052 4568 priores
1080 4494 1113 4554 et
1137 4489 1163 4553 si
1187 4488 1339 4568 quisunt
