3212 5008
256 481 299 548 46
655 475 687 532 V.
708 473 876 544 Ophthalmii
895 474 1051 530 Processns.

355 610 445 664 Causa
463 607 583 662 efficiens
605 608 761 674 nuptiarum
782 612 824 660 est
842 607 926 676 Dens,
952 609 997 676 qni
1024 607 1096 662 hunc
1115 605 1236 661 ordinem
1263 607 1291 660 in
1317 609 1445 675 paradiso

256 682 381 754 instituit,
407 688 434 734 et
458 681 548 735 onrnia
568 679 640 748 jnra,
660 679 785 745 divinum,
812 685 935 747 naturae,
963 679 1090 746 gentium,
1108 678 1185 732 civile
1205 685 1253 732 ant
1277 681 1444 744 canonicum.

258 753 457 806 Matrimonium
470 751 540 804 enim
555 750 644 818 quoad
657 751 853 802 institutionem
866 757 908 803 est
916 751 985 816 juris
999 751 1094 816 divini,
1116 749 1206 818 quoad
1219 750 1446 820 conjunctionem,

257 831 299 878 est
312 824 383 891 juris
396 831 525 876 naturae:
545 821 635 890 quoad
647 837 807 874 consensum
826 826 868 873 est
881 821 952 888 juris
967 822 1098 890 gentinm3
1119 820 1208 889 quoad
1223 829 1304 888 pacta
1323 822 1446 876 dotalitia

257 903 299 950 est
312 896 382 963 juris
402 895 500 960 civilis3
520 893 610 961 quoad
628 892 803 946 solennitates
822 899 865 945 est
884 893 956 960 juris
975 893 1112 958 canonici;
1132 891 1221 960 quoad
1235 893 1444 958 prohibitionem

260 984 321 1021 vero
341 972 474 1021 certorum
495 964 627 1032 graduum
648 971 689 1017 est
703 964 773 1030 juris
793 964 875 1018 diuini
894 971 922 1017 et
940 965 1062 1018 canonici
1082 964 1168 1018 simul.
1254 1016 1256 1023 ,

356 1039 510 1105 Snbjectnm
530 1036 684 1102 nuptiarum
705 1043 769 1088 sunt
787 1052 857 1088 rinus
877 1053 934 1090 mas
953 1045 980 1090 et
999 1052 1052 1089 nna
1070 1035 1178 1090 femina.

357 1109 499 1176 Objectnm
519 1115 582 1160 sunt
600 1107 682 1160 verba
701 1107 734 1160 de
754 1109 891 1175 praesenti
910 1115 938 1161 et
956 1108 1140 1175 solennitates,
1160 1113 1191 1160 nt
1211 1107 1320 1173 publica
1339 1108 1445 1174 procla-

257 1184 348 1250 matio,
367 1181 425 1244 dos,
445 1180 555 1233 donatio
575 1186 686 1246 proptu·
705 1180 823 1248 nuptiae,
843 1179 978 1233 traductio
998 1189 1115 1245 sponsae
1140 1179 1175 1231 ad
1195 1178 1345 1253 ecclesiam,
1364 1181 1445 1233 bene-

258 1255 339 1307 dictio
359 1251 516 1319 sacsrdotis‚
536 1251 577 1303 vel
597 1267 674 1304 amen
696 1267 821 1318 sponsae,
842 1258 868 1303 et
887 1252 991 1305 similia.

357 1325 457 1378 Forma
476 1323 630 1390 nuptiarum
651 1329 692 1375 est
710 1321 829 1389 legitima
848 1324 1001 1392 conjunctio
1020 1323 1099 1376 nnius
1114 1324 1194 1376 maris
1214 1329 1295 1390 atque
1314 1323 1444 1378 feminae:

258 1396 292 1449 ad
312 1413 391 1463 qnam
411 1395 585 1463 requiruntur
612 1393 734 1461 libertas,
757 1394 834 1460 justa
853 1402 937 1459 aetna,
963 1410 1110 1448 consensus
1135 1402 1191 1449 tarn
1218 1395 1444 1462 contrahentium,

258 1484 337 1535 quam
357 1484 448 1521 eornm
476 1467 633 1534 inquorum
653 1473 716 1518 sunt
741 1467 886 1534 potestat'e,
911 1475 937 1519 et
962 1483 994 1519 ne
1020 1467 1069 1520 fiat
1087 1466 1240 1533 conjunctio
1267 1467 1294 1517 in
1314 1465 1443 1534 gradibus

256 1539 407 1605 prohibitis
1303 1536 1305 1540 ’

355 1610 431 1663 Finis
457 1615 499 1661 est
523 1607 625 1661 sobolis
652 1610 812 1677 procreatio,
840 1615 888 1662 ant
912 1610 1021 1664 evitatio
1047 1608 1233 1663 fornicationis
1257 1615 1305 1662 ant
1319 1608 1444 1662 'aliarum

255 1681 402 1735 libidinum.

357 1752 477 1806 Effectus
498 1751 698 1818 sponsaliorum
718 1759 794 1805 sunt:
825 1760 849 1810 1.
869 1752 947 1820 Quod
965 1768 1029 1820 pars
1049 1754 1255 1808 contraveniens
1284 1759 1390 1805 tenetur
1409 1751 1444 1805 ad

257 1826 454 1880 restitutionem
474 1823 691 1890 dupplicatarnm
712 1824 860 1880 arrharum.
881 1829 904 1880 2.
923 1824 1001 1894 Quod
1020 1827 1201 1893 subsequente
1227 1823 1325 1890 copula
1343 1823 1444 1877 carnali

256 1914 290 1950 ex
300 1897 474 1964 sponsalibus
486 1910 576 1948 verum
587 1895 726 1962 perficitur
739 1896 943 1950 matrimonium.
958 1899 981 1954 3.
995 1897 1073 1963 Quod
1086 1913 1151 1963 pars
1166 1911 1294 1964 praesens
1306 1896 1443 1948 absentem

256 1975 401 2036 expectare
421 1973 528 2020 tenetur
547 1967 581 2019 ad
602 1968 752 2021 trienninm.

472 2132 578 2190 tabula
596 2132 627 2190 de
646 2133 773 2192 dividens
791 2137 822 2193 et
839 2135 1012 2194 molanus
1030 2131 1234 2206 sponsaliorum.

673 2267 775 2336 jurata,
807 2268 1022 2322 contrahentium
1046 2267 1201 2334 juramento
1227 2266 1334 2320 firmata
1363 2269 1400 2332 (c.
1421 2272 1443 2324 l.

476 2337 576 2405 futuro,
596 2345 623 2390 ct
710 2339 743 2392 de
763 2343 871 2407 spons.)
1263 2346 1265 2350 ’

489 2416 552 2462 saint
571 2409 611 2462 vel
674 2427 727 2465 non
735 2411 838 2480 jurata,
854 2413 911 2466 sine
921 2412 1076 2480 juramento
1088 2425 1136 2476 per
1155 2409 1290 2462 dationem
1302 2410 1443 2463 arrharum

709 2483 750 2537 vel
765 2483 1000 2538 subarrhationem
1015 2479 1106 2534 annuli
1120 2480 1188 2533 inita
1209 2483 1246 2547 (c.
1261 2486 1281 2538 l.
1294 2481 1327 2534 de
1338 2484 1443 2548 spons.)

1230 2569 1323 2622 stricte
1343 2576 1369 2622 et
1383 2586 1443 2637 pro·

1239 2641 1307 2708 prie,
1327 2639 1434 2708 qnando

1111 2763 1115 2774 .
1231 2713 1337 2764 nemine
1365 2715 1445 2779 prae*-

672 2785 850 2853 cla'udestina‚
884 2784 993 2839 remotis
1027 2785 1142 2840 testibus
1177 2791 1204 2836 et
1230 2791 1307 2836 sente
1326 2789 1391 2836 snut
1404 2783 1444 2835 iu-

276 2873 421 2942 Sponsalia
704 2858 761 2912 sinc
791 2872 925 2911 consensu
954 2864 1112 2926 parentum,
1140 2872 1203 2910 con·
1264 2901 1267 2910 ,
1314 2856 1359 2909 ita,

257 2954 321 3000 annt
339 2952 386 2999 ant
402 2948 435 3001 de
703 2938 798 2983 tracta.
826 2927 863 2980 Et
882 2930 920 2982 ita
940 2927 1074 2995 dicuntur,
1094 2935 1141 2982 ant
1229 2927 1323 3010 large·
1338 2934 1364 2979 et
1397 2928 1445 2980 im.

411 3019 414 3024 *
1231 3014 1444 3067 propriequan-

1230 3070 1264 3124 do
1277 3071 1305 3123 in
1318 3084 1444 3137 praesen-

1229 3140 1445 3210 tiatestium,sed

1231 3213 1289 3266 sine
1311 3227 1444 3268 consensu

1230 3290 1444 3352 pareutnmsnut

1259 3361 1407 3426 contracta,

945 3441 1092 3509 pn1·e,siue
1107 3443 1236 3497 dilatione
1255 3448 1303 3493 aut
1315 3440 1445 3495 conditio·

980 3512 1022 3564 nis
1042 3513 1201 3582 adiectione,
1218 3512 1356 3580 inquibus
1376 3512 1445 3565 alter

980 3583 1094 3638 alterum
1114 3584 1276 3652 compellare
1295 3591 1386 3650 potest
1412 3583 1447 3636 ad

980 3658 1236 3711 consummationem
1255 3655 1426 3710 matrimonii.

945 3727 1180 3796 conditionaliter,
1212 3741 1281 3796 quae
1314 3742 1446 3780 annexam

980 3799 1082 3852 habent
1095 3799 1290 3865 conditionem
1311 3815 1364 3865 qna
1381 3815 1448 3851 non·

981 3870 1043 3922 dnm
1082 3872 1219 3925 eveniente
1249 3871 1447 3923 matrimonium

982 3959 1088 4010 quicque
1107 3942 1289 4009 suspenditur.

481 3407 626 3474 praesenti,

462 3486 489 3529 at
515 3485 578 3531 suunt
601 3478 640 3530 vel
687 3477 804 3545 publica,
829 3493 897 3544 quac

687 3566 746 3602 cnm
767 3564 898 3602 consensu

674 3629 730 3673 turn
751 3619 911 3675 contrahen-

669 3693 734 3745 tium
749 3697 804 3744 tnm
821 3707 918 3758 paren-

669 3773 733 3831 tum,
749 3764 777 3814 in
791 3778 918 3830 praesen-

669 3836 706 3888 tia
719 3835 829 3887 testium
842 3833 919 3905 fiunt,

719 3905 800 3974 idque
821 3914 869 3958 ant

481 4097 625 4164 sententia,

516 4177 546 4224 ut
565 4184 588 4222 sl
678 4130 746 4183 alter
764 4129 867 4182 incidat
884 4130 912 4181 in
931 4130 1033 4199 lepram
1054 4130 1096 4184 vel
1115 4130 1251 4198 paralysin
1318 4190 1321 4198 ,

678 4058 747 4112 alter
765 4057 914 4111 fornicetur

645 4076 794 4264 iconditio
822 4203 948 4267 apposita
979 4218 1032 4258 non
1059 4202 1141 4256 suerit
1166 4202 1278 4270 impleta

281 4208 425 4276 Sponsalia

257 4280 441 4335 dissolvuntur

327 4359 389 4404 ω’
468 4385 531 4452 jure
550 4385 619 4452 ipse,

512 4463 543 4510 ut
561 4457 584 4508 si

713 4416 746 4468 de
765 4419 902 4482 praesenti

676 4345 744 4398 alter
763 4360 854 4397 eorum
875 4353 972 4412 postea
990 4346 1135 4400 contrahat
1153 4362 1213 4398 cum
1233 4346 1286 4399 alio
1307 4363 1355 4413 per
1369 4346 1450 4398 verba

646 4359 655 4556 i
675 4487 836 4542 interveniat
855 4490 942 4543 medio
962 4497 1081 4557 tempore
1101 4489 1328 4557 consanguinitas.
