3260 5018
601 463 766 530 Respublica
784 464 908 532 Bojema.
927 467 994 533 Cap.
1014 466 1076 520 ΧΠ.
1363 473 1428 543 245

234 596 325 678 (111111.
353 597 458 686 1519)
482 608 675 686 impressum
698 603 851 670 habemus
873 604 946 686 ipsi.
978 606 1189 688 Municipales
1213 627 1310 688 porro
1341 609 1430 690 leges

235 696 370 774 primum
405 695 553 759 Minerva
590 694 664 758 rudi
701 683 752 771 (ut
788 692 858 759 fere
897 695 1003 759 omnia
1041 701 1184 761 veterum
1223 690 1330 770 eraut)
1370 699 1429 764 sub

236 783 441 864 Kiesomyslo
457 782 602 864 principe
618 769 728 862 (circa
744 803 816 846 arro.
831 773 917 862 899)
932 782 1028 847 scribi
1047 789 1188 865 coeptas,
1209 784 1430 866 paulatimque

236 889 256 934 a
270 871 462 953 posteritate
477 877 572 951 grata
584 870 728 935 excultas
743 887 780 934 ac
793 888 852 935 usu
864 871 959 950 longo
973 870 1187 952 confirmatas,
1212 873 1430 954 indulgentius

232 960 266 1022 in
282 959 425 1040 Bojemia
450 978 468 1022 a
485 957 659 1022 Wratislao
684 961 718 1021 et
733 958 1089 1040 Przemyslo-Ottacaro
1105 959 1147 1026 Π.
1172 960 1303 1041 regibus
1325 960 1429 1028 habiti

236 1053 332 1127 atque
354 1047 561 1128 multiplicati
585 1055 746 1112 convenae
771 1046 925 1113 Germani
953 1049 1021 1112 ausi
1045 1052 1120 1114 sunt
1142 1046 1293 1115 familiari
1315 1049 1347 1114 in
1373 1069 1432 1115 sua

235 1142 331 1212 gente
351 1135 417 1216 juri
442 1134 694 1215 Magdeburgico
710 1134 906 1214 posthabere
930 1154 968 1200 ao
982 1136 1168 1216 repudiare.
1192 1137 1432 1214 Adhinniebant

234 1225 275 1288 ad
298 1225 441 1306 ipsorum
472 1227 633 1288 attentata
663 1222 864 1303 postmodum
890 1225 986 1289 etiam
1017 1242 1057 1288 ex
1079 1225 1240 1305 indigenis
1272 1225 1430 1292 fastidiosi

233 1331 294 1376 non
310 1313 414 1393 pauci,
431 1312 477 1376 ita
492 1315 528 1374 ut
539 1317 684 1390 tempore
701 1311 863 1390 aliquanto
876 1316 950 1394 post
962 1310 1224 1392 Litomierniceis,
1240 1311 1429 1396 Nymburgi,

234 1399 361 1480 Slanae,
385 1400 527 1474 Launae,
553 1400 656 1465 Ustae
689 1403 724 1463 et
752 1403 819 1462 toto
848 1397 919 1465 fere
949 1400 990 1464 ad
1020 1401 1257 1481 septentriones
1279 1405 1431 1482 porrecto

230 1489 323 1568 regni
340 1494 456 1566 tractu,
481 1487 671 1552 usitatarum
689 1487 774 1566 apud
791 1489 970 1570 municipes
995 1495 1140 1553 caeteros
1156 1488 1262 1569 legum
1281 1489 1432 1557 domesti-

235 1595 345 1642 carum
367 1594 448 1658 prae
469 1576 542 1658 jure
566 1574 818 1655 Magdeburgico
842 1578 966 1642 modica
990 1582 1076 1640 esset
1099 1577 1280 1642 authoritas
1303 1584 1338 1642 et
1358 1597 1433 1646 usus

235 1665 468 1746 propemodum
490 1664 604 1729 nullus.
632 1663 740 1744 Aegre
765 1681 842 1727 sane
864 1663 1005 1730 faciebat
1028 1664 1134 1744 legum
1163 1667 1227 1730 ista
1250 1666 1432 1747 diversitas,

235 1761 268 1819 et
291 1771 362 1818 oum
385 1759 496 1817 mutua
520 1752 605 1816 inter
621 1770 666 1831 se,
691 1756 758 1814 tum
775 1751 920 1832 inprimis
937 1772 957 1818 a
972 1751 1167 1817 Provinciali
1181 1754 1248 1818 sive
1265 1753 1429 1820 Terrestri

233 1842 313 1907 Jure
345 1841 378 1905 in
408 1841 573 1922 plerisque
606 1838 833 1921 discrepantia,
869 1858 932 1905 non
962 1839 1063 1904 solum
1095 1859 1134 1904 ex
1164 1842 1279 1906 civium
1309 1842 1430 1908 Ordine

234 1929 332 1995 moris
366 1929 463 2010 patrii
498 1928 595 2009 prisci
625 1927 890 1993 retinentioribus
919 1946 1015 2009 quam
1048 1927 1204 2008 plurimis,
1241 1931 1297 1995 sed
1334 1932 1431 1997 etiam

233 2017 495 2099 prudentioribus
518 2035 557 2080 ex
581 2015 752 2081 nobilitate
775 2016 960 2096 permultis3
997 2016 1175 2080 credebant
1198 2035 1335 2097 namque
1359 2038 1431 2084 cum

235 2106 420 2184 Menandro,
453 2123 524 2170 esse
554 2097 657 2180 νόμοις
687 2105 751 2170 τοῖς
779 2097 937 2180 ἐγχωρίοις
970 2098 1096 2161 ἑπέσθαι
1124 2099 1225 2165 καλόν.
1258 2104 1323 2171 Sed
1355 2109 1430 2187 quia

235 2212 419 2273 gangraena
450 2194 513 2259 ista
537 2198 648 2273 postea
679 2211 719 2256 ex
748 2191 904 2258 Johannis
927 2192 1028 2273 Regis
1052 2212 1091 2256 ea
1121 2192 1161 2256 de
1184 2213 1220 2258 re
1253 2194 1433 2276 privilegiis
1459 2231 1460 2236 1

232 2283 373 2346 fomitem
403 2281 594 2361 accipiebat,
631 2279 829 2346 connivendo
864 2280 951 2345 ferre
981 2297 1053 2344 eam
1086 2280 1251 2347 habehant
1285 2301 1430 2359 necesse.

233 2367 395 2450 vigebant
417 2368 620 2434 nihilominus
644 2369 770 2433 interea
792 2385 830 2432 ao
845 2369 1049 2448 poliebantur
1064 2374 1131 2434 tum
1148 2369 1220 2434 aliis
1234 2371 1268 2435 in
1284 2370 1427 2450 urbibus,

233 2464 300 2522 tum
324 2456 449 2537 Pragae
473 2475 545 2521 cum
568 2457 680 2536 primis
702 2456 791 2536 leges
815 2457 949 2536 patriae.
974 2455 1016 2520 At
1040 2457 1125 2537 quia,
1154 2464 1253 2538 prout
1275 2464 1368 2523 aetas
1393 2479 1430 2524 ac

234 2546 439 2611 librariorum
473 2545 637 2625 ingenium
672 2548 753 2622 erat,
789 2543 950 2609 confusius
978 2561 1036 2608 eae
1071 2544 1103 2609 in
1135 2545 1214 2625 dies,
1251 2546 1429 2628 plerunque

235 2635 330 2698 etiam
368 2652 523 2714 perquam
552 2632 757 2714 negligenter
789 2631 1062 2712 describebantur,
1097 2635 1219 2714 primus
1243 2653 1308 2714 eas,
1347 2635 1429 2714 quod

234 2723 347 2800 seiam,
387 2741 427 2786 ex
461 2723 588 2801 Pragae
624 2721 758 2802 Majoris
793 2720 1022 2800 monumentis
1063 2720 1225 2787 Ludoviro
1259 2728 1428 2802 regnanto,

234 2810 477 2889 consarcinavit,
519 2816 752 2888 congestasque
790 2809 823 2872 in
862 2811 1006 2874 volumen
1046 2811 1305 2888 grandiusculum
1344 2810 1429 2892 typis

233 2897 371 2978 imprimi
403 2899 527 2962 curavit
557 2898 599 2962 Μ.
626 2897 772 2962 Bricoius
804 2896 844 2960 de
871 2897 999 2962 Zlitsca.
1033 2897 1122 2974 Quae
1149 2917 1219 2962 cum
1251 2916 1311 2964 nec
1341 2897 1430 2979 ipsae

233 2986 377 3051 omuibus
409 2991 475 3051 tum
506 3003 632 3066 quoque
665 2989 773 3050 essent
796 2985 836 3048 ad
861 2989 987 3065 gustum
1014 2990 1047 3049 et
1069 2986 1253 3051 nonnullius
1277 2987 1429 3050 momenti

232 3075 263 3138 in
298 3075 396 3140 rebus
433 3074 623 3154 quibusdam
658 3094 677 3138 a
709 3073 873 3138 Terrestri
904 3072 978 3152 jure
1009 3073 1202 3139 dissidentes
1231 3075 1429 3153 viderentur,

233 3163 388 3226 murmuri
413 3162 568 3228 Ordiuum
601 3162 632 3226 in
663 3162 799 3226 comitiis
823 3179 980 3242 persaepe
1006 3180 1134 3226 oausam
1159 3162 1292 3240 dabant,
1328 3163 1430 3226 donec

232 3249 362 3314 tandem
388 3250 538 3315 methodo
561 3269 644 3314 nora
668 3249 869 3314 emendatius
894 3250 1138 3328 distinctiusque
1160 3249 1340 3330 descriptae
1359 3249 1430 3330 regi

233 3339 371 3418 primum
395 3337 609 3404 Maximiliano
633 3329 725 3418 (aaa.
753 3331 867 3413 1569),
899 3336 1027 3401 tandem
1052 3356 1128 3402 vero
1152 3338 1250 3403 etiarn
1273 3337 1343 3416 ejus
1365 3336 1429 3402 filio

231 3425 412 3506 Rudolpho,
446 3427 669 3491 activitatibus
693 3415 785 3503 (oola
811 3415 925 3504 1579),
958 3424 1068 3505 populi
1102 3425 1231 3490 consilio
1258 3424 1430 3504 frequenti,

234 3513 367 3578 fuerunt
401 3515 539 3592 oblatae,
579 3520 612 3578 et
650 3533 688 3578 eu
728 3513 927 3577 corrritiorum
962 3511 1077 3576 horum
1114 3513 1245 3578 decreto
1280 3515 1430 3592 regisque

235 3602 335 3681 ipsius
360 3603 600 3684 approbatione,
626 3601 853 3667 authoritatem
877 3601 1053 3681 pleniorem
1079 3602 1228 3682 adeptae.

333 3688 401 3754 Nec
437 3709 536 3769 mora,
577 3689 710 3767 Majoris
749 3689 874 3767 Pragae
911 3688 1057 3769 primatis
1093 3688 1251 3752 iohannis
1290 3689 1431 3754 Drazicii

236 3779 470 3858 procuratione,
487 3784 561 3842 sunt
572 3779 751 3859 evulgatae.
767 3777 995 3857 approbarunt
1011 3777 1176 3856 evulgatas
1193 3775 1315 3841 calculo
1332 3777 1430 3841 etiam

235 3884 291 3930 suo
326 3857 419 3944 (ano.
446 3857 552 3946 1589)
583 3868 696 3946 nostri,
731 3864 881 3929 sedentes
916 3865 957 3928 ad
992 3865 1255 3944 provocationum
1289 3865 1431 3931 tribunal

110 3935 112 3938 ¹
225 3955 408 4034 sapientes,
433 3958 467 4020 et
482 3954 577 4020 durau
593 3971 704 4018 earum
723 3972 797 4018 usus
814 3953 989 4016 etiamnum
1005 3952 1216 4017 inconvulsus,
1244 3951 1431 4018 Terrestres

233 4041 318 4121 illae,
344 4061 424 4123 quae
440 4046 507 4107 tam
523 4048 608 4122 ante,
633 4060 728 4122 quam
752 4041 872 4105 nostris
889 4041 1000 4130 adhuc
1022 4041 1222 4121 temporibus
1245 4045 1280 4104 ut
1299 4040 1430 4106 oracula

235 4130 501 4208 observabantur,
524 4148 584 4211 per
607 4148 722 4194 recens
745 4130 785 4194 ah
809 4128 888 4209 Imp.
913 4128 1116 4192 Ferdinando
1140 4128 1181 4192 ΙΙ.
1211 4127 1430 4209 promulgatas

235 4219 486 4285 Constitutioues
525 4236 622 4283 novas
651 4218 746 4298 plane
777 4207 869 4299 (aon.
896 4209 1002 4298 1627)
1035 4216 1075 4281 ab
1109 4235 1166 4281 usu
1192 4220 1264 4281 sunt
1286 4222 1430 4282 remotae

235 4310 333 4386 atquo
349 4307 535 4387 abrogatae,
559 4307 640 4372 adeo
664 4311 701 4370 ut
718 4306 933 4372 vocandarum
956 4306 1015 4370 suh
1032 4304 1183 4370 incudem
1206 4323 1244 4369 ao
1259 4323 1432 4386 recognos-

235 4394 420 4474 cendarum,
456 4413 538 4474 quae
570 4395 667 4460 datae
691 4393 759 4474 Jam
786 4411 887 4472 regno
915 4401 998 4474 sunt,
1029 4393 1137 4472 legum
1159 4392 1296 4459 facultas
1327 4394 1433 4475 prisca

234 4481 353 4564 populo
375 4481 502 4564 penitus
526 4481 568 4547 sit
590 4488 713 4563 erepta.
