3188 5008
266 415 308 514 5l3
656 448 690 502 V.
709 443 877 514 Ophthalmii
896 443 1050 500 Processus

364 575 465 630 Formo
484 583 534 644 est,
555 576 663 645 quando
675 577 779 632 habent
793 593 891 631 nomen
905 576 1014 645 judicis,
1033 593 1129 631 nomen
1142 576 1318 646 litigatorum,
1337 584 1464 632 tenorem

267 647 407 712 petitionis
429 648 456 701 in
472 647 575 714 judicio
595 654 746 717 porrectae,
766 649 946 702 substantiam
965 655 992 703 et
1010 665 1166 717 processum
1185 666 1295 720 carasca,
1314 649 1347 704 de
1361 651 1465 718 quibus

268 733 318 785 per
336 718 455 772 tabulam
475 721 692 788 subsequentem.

286 865 309 913 tt
326 861 350 916 ‘b
366 790 443 916 Finis
468 799 519 860 est,
543 799 574 844 nt
592 792 716 860 partibus
739 793 786 860 jus
811 808 888 846 suum
915 809 1053 862 exaequo
1079 801 1106 848 et
1131 795 1201 849 bono
1227 808 1276 861 per
1299 793 1465 847 senteutiam

269 877 285 915 a
310 879 333 916 r1
352 879 388 917 ua
402 879 442 918 ur.

702 979 809 1040 babela
827 980 858 1039 de
877 981 1028 1040 canuntlb.

719 1128 812 1188 partes
831 1120 865 1174 ad
885 1119 1047 1174 audiendam
1066 1121 1227 1175 sententiam
1245 1120 1371 1175 citantur.

718 1263 907 1331 praesentibus
934 1263 1067 1331 partibus,
1091 1261 1132 1317 val
1157 1263 1244 1318 altera
1268 1263 1466 1317 contumaciter

574 1377 585 1431 1
747 1335 869 1405 absente,
886 1334 1088 1403 pronunciatur.
1238 1406 1309 1460 ..lib
1364 1405 1399 1459 ad
1414 1405 1450 1458 al·

592 1414 598 1427 ·
1221 1424 1272 1462 cru
1310 1421 1342 1458 us
1441 1423 1464 1458 1-

488 1477 628 1548 Requisita
648 1482 683 1535 ad
1248 1477 1464 1548 quidpraestan·

503 1553 671 1623 sententiam,
987 1550 1187 1620 condemnetur,
1249 1551 1321 1618 dum,

574 1632 605 1677 ut
1046 1625 1121 1677 utin
1222 1621 1405 1676 criminalibus
1427 1619 1465 1673 ad

1249 1709 1363 1762 poenam
1388 1693 1463 1744 luen·

719 1767 808 1819 altera
834 1768 952 1835 partium
1199 1757 1211 1828 l
1249 1765 1318 1820 dam.

748 1836 864 1892 discrete
883 1840 925 1892 vel

989 1910 1023 1962 ab
1043 1909 1212 1978 impetitione
1244 1908 1343 1963 actoris
1374 1905 1462 1962 absol-

1015 1987 1103 2037 vatur.

298 2051 330 2104 lu
349 2053 422 2104 omni
1080 2103 1084 2112 ,

724 2122 958 2192 interlocutoriae,
990 2140 1039 2192 per
1071 2141 1139 2194 quas
1172 2125 1262 2180 aditus
1298 2123 1333 2177 ad
1364 2122 1463 2191 princi·

757 2195 844 2260 palem
863 2197 1023 2250 sententiam
1049 2203 1239 2265 praeparatur,
1268 2202 1295 2250 et
1322 2211 1391 2263 quae
1410 2209 1463 2246 non

572 2236 588 2288 ἓ
758 2283 841 2332 super
860 2267 1011 2335 principali,
1031 2269 1078 2322 sed
1099 2285 1181 2336 super
1200 2267 1326 2322 incidenti
1345 2265 1464 2332 negotio,

493 2339 601 2406 Species
620 2358 679 2395 sen-
756 2337 786 2392 h.
805 2339 875 2390 inter
894 2339 1056 2406 principium
1085 2357 1185 2394 causae
1205 2347 1232 2393 et
1265 2340 1353 2405 linem,
1381 2339 1462 2390 inter-

506 2411 661 2482 tentiarum,
758 2408 892 2476 loquendo
912 2410 971 2463 fieri
990 2412 1077 2466 solent
1097 2411 1142 2478 (B.
1162 2415 1205 2469 86.
1225 2412 1294 2464 bist.
1315 2412 1353 2477 2.)

295 2159 429 2212 sententia

294 2266 345 2318 tria
364 2272 428 2318 suut

271 2373 448 2428 observanda:

523 2562 587 2607 ⁵¹¹¹st
606 2563 654 2609 fflll
723 2572 890 2643 diffinitivae,
911 2593 960 2643 per
979 2594 1046 2645 quas
1066 2578 1099 2632 de
1115 2578 1187 2645 prin·

758 2646 841 2712 cipali
871 2664 954 2701 causa
983 2651 1187 2717 pronunciatur,

759 2724 786 2769 et
806 2719 903 2787 quibus
923 2719 1021 2789 aliquis
1042 2729 1089 2774 aut

1234 2647 1268 2700 ab
1288 2645 1453 2712 impetitione

1234 2717 1340 2772 actoris'
1354 2716 1441 2769 absol-

1300 2790 1377 2843 vitur.

487 2499 600 2552 quarum
620 2485 688 2538 aliae
1197 2509 1214 2859 1
1243 2503 1438 2558 condemnatur

570 2863 595 2915 3.

725 2933 895 3000 iniquitatem
916 2935 1084 2989 manifestam
1104 2937 1131 2989 in
1151 2951 1179 2988 se
1199 2934 1345 2987 continent.

491 2967 566 3031 (luae
585 2976 690 3021 ΨΜ
725 3011 820 3057 contra
846 3021 1000 3072 processum
1028 3006 1080 3060 fori
1109 3013 1173 3060 sunt
1197 3005 1277 3072 latae,
1307 3012 1337 3056 ut
1363 3003 1386 3055 Si
1415 3017 1467 3054 ¹10ss

482 3037 537 3088 tiae
548 3046 696 3093 nontrans-

494 3117 559 3160 eant
584 3110 610 3161 in
630 3128 685 3163 rem

485 3179 644 3250 judicatam,
663 3191 692 3236 ut

579 3269 601 3306 si

761 3155 824 3200 cata
837 3165 928 3202 coram
946 3156 1115 3218 competente
1134 3149 1204 3216 foro,
1215 3148 1256 3200 vel
1269 3163 1324 3200 nou
1344 3154 1386 3200 est
1406 3161 1466 3198 con·

761 3218 872 3288 clusum,
891 3227 922 3273 ut
940 3222 1071 3290 oportuit,
1090 3223 1117 3275 in
1137 3237 1229 3277 causa.

538 3464 601 3536 Da
625 3467 922 3542 declarationibus
945 3469 1212 3543 sententiarum.

715 3629 875 3696 Titulus
898 3631 1033 3696 XXXII.

378 3757 612 3841 Nonnunquam
655 3781 674 3825 a
714 3766 858 3844 partibus
905 3765 1080 3831 declaratio
1121 3764 1303 3830 sententiae
1338 3762 1467 3841 petunt,

276 3845 421 3924 inprimis
438 3865 525 3930 vero,
551 3853 676 3928 quando
697 3851 838 3930 judicum
863 3852 1121 3935 improvidentia,
1144 3853 1193 3918 vel
1215 3851 1335 3916 notarii
1359 3866 1467 3914 errore

282 3934 463 4014 ambiguum
497 3937 547 4002 vel
581 3940 751 4004 obscurum
781 3941 901 4021 aliquid
933 3942 965 4005 in
995 3960 1034 4006 ea
1064 3943 1106 4006 sit
1136 3942 1284 4024 positum.
1321 3937 1468 4002 Omnium

280 4021 364 4085 enim
389 4023 509 4088 babere
534 4029 719 4093 memoriam
743 4033 776 4093 et
798 4030 926 4110 penitus
948 4031 980 4094 in
1004 4030 1090 4095 nullo
1112 4047 1259 4110 peccare,
1291 4026 1398 4106 potius
1422 4028 1469 4087 est

279 4107 456 4174 divinitatis
480 4130 575 4191 quarn
599 4113 813 4181 humanitatis

375 4197 468 4261 Hanc
492 4199 749 4282 declarationem,
769 4204 848 4268 alias
872 4206 1126 4286 leutarationeru,
1145 4202 1279 4282 quisque
1295 4200 1347 4265 vel
1363 4197 1466 4264 statim

281 4281 330 4346 vel
353 4283 438 4348 intra
461 4286 539 4350 XIV
563 4287 639 4367 dies,
665 4295 835 4370 antequam
867 4293 934 4357 lata
957 4294 1117 4357 sententia
1145 4292 1178 4356 in
1201 4309 1271 4355 rem
1291 4289 1467 4370 judicatam

279 4375 435 4453 transeat,
458 4392 518 4453 per
537 4375 716 4452 ingressum
732 4383 788 4442 aut
810 4378 949 4444 libellum
966 4380 1142 4460 supplicem
1155 4377 1260 4457 judici
1274 4380 1466 4459 porrectum,

281 4458 383 4528 abeo
406 4467 520 4545 petere
543 4467 659 4542 potest,
684 4469 716 4540 et
738 4483 800 4530 nou
824 4467 1047 4548 denegabitur.

762 3085 825 3128 saint
846 3083 929 3130 testes
958 3078 1083 3145 producti
1105 3079 1146 3132 vel
1174 3077 1354 3129 instrumenta
1383 3073 1467 3141 publi·
1571 3125 1572 3148 ἶ
