3196 5010
254 503 295 570 36
651 495 682 553 V.
705 495 872 566 Ophthalmii
891 495 1047 552 Processus.

346 638 457 703 Liberi
472 638 543 703 ”alii
574 643 649 702 sunt
677 636 845 702 naturales
874 639 908 700 et
935 635 1071 714 legitimi
1093 634 1196 714 simul,
1229 635 1281 714 qui
1305 639 1379 698 sunt
1401 653 1438 698 ιιι

245 727 340 806 justis
363 727 482 807 nuptiis
499 726 671 807 procreati.
695 724 758 789 Alii
780 724 915 804 legitimi
937 727 1071 804 tanturn,
1097 723 1211 802 quibus
1226 741 1289 788 non
1313 728 1437 799 natura,

247 815 305 880 sed
338 815 389 880 lex
422 817 494 895 ipsa
518 815 571 895 jus
601 813 762 879 filiationis
793 831 852 893 per
877 811 1080 892 adoptionem
1115 811 1166 876 vel
1201 812 1437 892 arrogationem

250 903 407 968 attribuit.
431 903 498 968 Alii
513 902 675 966 naturales
698 905 835 980 tantum,
861 901 997 979 quincti
1019 905 1093 964 sunt
1109 900 1338 964 exconcubina
1355 899 1438 963 domi

248 997 385 1070 retenta,
423 1009 494 1055 cum
523 1008 587 1070 qua
621 989 855 1053 matrimonium
892 1006 963 1052 esse
997 993 1143 1066 poterat,
1179 987 1271 1067 vulgo
1295 987 1437 1052 bastardi

250 1080 336 1144 dicti.
379 1077 442 1143 Alii
475 1079 576 1158 spurii
611 1084 668 1142 aut
701 1077 795 1156 vulgo
830 1077 985 1156 concepti,
1022 1076 1074 1154 qni
1108 1080 1244 1140 matrem
1279 1075 1438 1155 publicum

252 1172 403 1245 scortum,
420 1170 476 1230 aut
490 1167 648 1229 incertum
664 1170 790 1246 patrem
806 1164 933 1228 habent.
951 1163 1013 1228 Alii
1025 1164 1139 1228 netarii
1155 1167 1188 1228 et
1202 1163 1384 1242 incestuosi,
1401 1181 1440 1225 ex

250 1256 359 1320 illicito
373 1259 430 1318 ant
442 1256 592 1318 damnato
607 1255 692 1318 coitu
704 1253 782 1318 nati.
795 1252 838 1315 Hi
851 1271 965 1332 nempe
977 1269 1016 1314 ex
1028 1251 1180 1332 proximis
1192 1251 1438 1328 collateralibus,

253 1351 288 1408 ut
304 1343 411 1412 tratre
442 1350 498 1405 aut
529 1359 656 1421 sorore;
687 1341 733 1404 illi
762 1359 801 1405 ιιι
831 1339 1077 1405 ascendentibus
1108 1346 1142 1404 ιι
1161 1337 1436 1410 descendentibus

252 1432 349 1496 veluti
372 1435 466 1511 patre
490 1434 524 1493 et
546 1428 623 1509 filia,
647 1434 912 1509 progenerantur.
936 1426 998 1491 Alii
1019 1445 1145 1508 quoqne
1162 1432 1236 1490 sunt
1259 1425 1436 1504 adulterini,

250 1521 310 1584 hoc
334 1528 385 1584 est
408 1537 447 1582 ex
471 1517 682 1582 translatione
706 1516 841 1581 alterius
863 1516 950 1579 thori
973 1515 1062 1581 editi.

349 1629 459 1693 Liberi
480 1629 576 1708 primi
591 1629 721 1708 gradus,
745 1631 781 1690 ut
767 1626 867 1690 ttlra
855 1630 921 1689 tres
938 1630 971 1689 et
994 1643 1132 1706 sorores,
1156 1625 1188 1688 iu
1204 1625 1292 1706 capit
1293 1644 1312 1688 a
1328 1642 1434 1689 succe-

251 1719 347 1796 dunt,
373 1722 517 1797 nepotes
551 1734 681 1780 veroe
663 1718 839 1794 etneptes
874 1731 912 1776 ιι
947 1712 994 1776 ιιι
980 1713 1117 1776 ιιιιιιιι
1146 1713 1178 1776 ιι
1209 1715 1335 1793 scirpea,
1376 1731 1437 1776 nou

252 1807 315 1869 dist
302 1806 477 1885 tinguendo
501 1821 609 1867 sexum
635 1802 717 1867 vel
705 1821 779 1879 lura
802 1820 842 1881 po
845 1806 929 1866 ιιιιι
930 1802 980 1880 ιιι,
930 1799 1062 1865 tsed
1086 1801 1154 1865 sola
1172 1806 1229 1865 nat
1216 1800 1311 1865 turali
1343 1817 1438 1865 causa

247 1881 571 1974 iuspectaffllat
593 1881 707 1972 Ed.)

346 1999 545 2065 Successio
535 2020 567 2064 1n
591 2001 697 2080 capita
719 1999 849 2081 proprie
873 1999 991 2064 dieitur
1013 1999 1094 2080 fieri,
1120 2003 1246 2080 quando
1270 2001 1398 2066 heredit
1385 2008 1434 2066 tas

246 2089 359 2153 dividit
345 2093 399 2152 tur
421 2088 596 2152 secuudum
613 2106 777 2153 numerum
794 2105 1015 2167 personarum,
1030 2088 1090 2153 hoc
1113 2094 1163 2154 est
1185 2090 1373 2176 aequaliter.
1399 2090 1434 2152 lu

246 2177 363 2256 stirpes
386 2174 455 2240 fieri
480 2177 607 2254 dicitur,
640 2177 767 2256 quaudo
790 2175 900 2254 plures
923 2180 1047 2240 tantum
1079 2177 1252 2258 accipiunt,
1285 2181 1436 2256 quantum

247 2283 338 2330 unus.
363 2265 410 2329 Ut
432 2265 458 2328 si
475 2269 623 2330 extarent
638 2264 700 2327 duo
716 2263 773 2328 filii
789 2269 822 2328 ιι
845 2267 911 2327 ιιιι
928 2269 1061 2343 nepotes
1079 2283 1118 2328 ex
1133 2265 1197 2330 filio
1210 2269 1436 2346 praemortuo,

248 2353 448 2417 divideretur
477 2352 642 2418 hereditas
671 2353 811 2418 defuncti
842 2354 873 2416 in
898 2355 963 2416 tres
985 2358 1106 2432 partes,
1137 2372 1272 2433 quarum
1305 2354 1438 2432 quilibet

247 2441 383 2505 filiorum
419 2459 513 2504 unam
536 2441 682 2520 haberet,
718 2447 750 2504 et
772 2441 869 2505 tertia
898 2457 974 2519 pars
1009 2440 1093 2505 inter
1128 2447 1262 2521 nepotes
1296 2441 1436 2506 defuncti

248 2529 453 2592 divideretur.
477 2528 522 2591 Et
536 2527 596 2592 hoc
612 2529 704 2592 modo
727 2547 790 2592 non
806 2529 906 2592 solum
924 2530 1099 2594 succedunt
1115 2529 1207 2593 liberi
1222 2533 1301 2610 post
1317 2529 1434 2607 dotem,

247 2618 307 2680 hoc
331 2621 380 2680 est
399 2616 494 2696 Justis
516 2615 636 2696 nuptiis
659 2617 829 2696 progeniti,
862 2614 918 2679 sed
943 2617 1040 2680 etiarn
1064 2618 1254 2697 anteriores,
1278 2635 1338 2698 per
1361 2618 1435 2681 sub·

248 2723 385 2784 sequens
401 2706 638 2769 matrimonium
655 2705 832 2784 legitimati,
858 2703 912 2783 qui
934 2708 967 2768 et
988 2704 1037 2783 iis,
1063 2705 1116 2784 qui
1130 2715 1246 2785 postea
1268 2705 1335 2768 nati
1352 2710 1434 2781 suut,

248 2793 446 2856 occasionem
469 2792 604 2871 legitimi
619 2793 753 2856 nominis
769 2792 1010 2873 praestiterunt.
1035 2791 1117 2856 Sunt
1137 2799 1243 2858 autem
1267 2801 1335 2857 tres
1351 2794 1437 2857 modi

247 2880 503 2960 legitimationis:
527 2881 606 2944 alius
629 2899 688 2960 per
703 2881 895 2944 oblationem
918 2881 1036 2957 curiae,
1067 2879 1148 2944 alins
1162 2899 1221 2961 per
1244 2881 1435 2961 rescriptum

247 2969 410 3050 principis,
440 2969 521 3032 alius
551 2986 610 3049 per
639 2968 836 3048 subsequens
865 2968 1112 3034 nratrimonium.
1194 3036 1200 3048 ,

345 3077 511 3144 Secundus
549 3077 627 3142 ordo
669 3082 720 3141 est
753 3079 1017 3160 ascendentium,
1054 3079 1147 3159 juxta
1181 3079 1277 3144 illud:
1314 3079 1436 3144 Ordine

190 3195 192 3197 ·
249 3168 387 3246 turbato,
423 3167 568 3232 succedis
592 3164 732 3245 Bulgare
755 3173 841 3230 nato.
876 3167 1003 3231 Etenim
1040 3167 1188 3232 defuncto
1219 3169 1288 3233 sine
1317 3167 1436 3246 liberis,

247 3259 400 3335 parentes
425 3258 451 3321 si
475 3255 639 3333 salisam,
664 3255 848 3333 succedunt,
874 3257 962 3321 salva
985 3256 1104 3336 gradus
1128 3257 1177 3322 sui
1199 3257 1436 3336 praerogativa.

247 3343 282 3406 Si
305 3343 377 3424 pari
400 3349 474 3407 sunt
491 3345 603 3422 gradu,
627 3344 750 3422 pariter
773 3345 958 3422 succedunt,
982 3345 1126 3424 paternis
1143 3345 1270 3424 quidem
1295 3343 1435 3422 dimidia,

247 3432 400 3498 maternis
431 3432 495 3508 alia
518 3431 648 3496 dimidia
672 3432 790 3510 delata,
821 3431 898 3494 licet
928 3433 970 3496 sit
1001 3433 1111 3512 dispar
1134 3450 1244 3496 eorum
1273 3449 1435 3496 numerus

246 3517 312 3582 Sed
348 3520 375 3584 si
409 3537 479 3582 oum
511 3524 627 3671 parent
614 3519 749 3583 itbusf
746 3524 852 3584 ratres
883 3523 915 3584 et
945 3537 1073 3584 sorores
1102 3520 1252 3600 utrinqne
1287 3518 1436 3584 defuncto

250 3607 397 3758 ctonjunct
399 3607 409 3669 i
425 3608 595 3688 supersint,
621 3612 777 3672 vocantur
792 3625 863 3670 cum
884 3609 1043 3671 ascenden
1046 3608 1129 3671 tibus
1144 3609 1248 3688 gradu
1273 3607 1436 3688 proximis,

248 3695 489 3759 1ttautviriles
517 3701 682 3776 pociones
705 3693 793 3774 ιιιι,
825 3696 953 3761 exclusa
983 3713 1114 3775 prorsus
1143 3696 1228 3759 omui
1257 3695 1439 3760 differentur
1518 3758 1526 3770 ,

248 3785 342 3846 sexus
372 3786 405 3846 ιι
435 3786 561 3863 patriae
585 3788 713 3864 pottaes
694 3782 755 3846 atis
786 3746 844 3862 (l.
869 3783 921 3847 12.
946 3782 1033 3847 Dici.
1059 3783 1132 3846 dat
1152 3773 1216 3862 2.).
1251 3783 1438 3847 Memineris
1506 3829 1512 3836 -

249 3873 366 3951 antem,
390 3875 437 3934 tot
461 3890 531 3936 esse
556 3871 743 3936 ascendent
720 3876 797 3935 trum
822 3871 889 3935 siue
912 3876 1027 3951 parent
1029 3890 1080 3935 um
1105 3872 1239 3952 species,
1265 3874 1342 3954 quot
1329 3870 1437 3933 tdixi-

248 3961 317 4023 m'us
339 3958 599 4024 descendentium
622 3948 680 4038 (F.
705 3959 758 4024 12.
782 3959 870 4023 Diat.
893 3949 944 4040 4.)

348 4069 476 4134 Tertius
507 4070 628 4135 ordo
619 4088 650 4132 m
675 4070 875 4134 successione
910 4075 959 4133 est
946 4071 1082 4134 tcotlla
1084 4069 1226 4148 eralium,
1261 4086 1361 4148 usque
1396 4046 1436 4132 ad

248 4158 405 4223 decimum
430 4159 564 4239 gradum
586 4147 608 4236 (
606 4158 644 4223 F.
662 4159 712 4223 15.
731 4157 817 4222 Dior.
834 4158 865 4222 2.
866 4151 895 4237 ).
921 4159 1077 4221 Cessante
1100 4176 1215 4238 nempe
1238 4157 1437 4221 successione

248 4246 353 4312 lineae
390 4246 612 4310 descendentis
643 4252 676 4310 et
706 4247 916 4324 ascendentis,
949 4251 1103 4310 vocantur
1137 4245 1177 4309 ad
1204 4245 1437 4310 successionem

247 4334 350 4414 primo
364 4334 494 4414 fratres,
519 4333 693 4412 fratrisque
717 4336 914 4413 praemortui
932 4332 987 4396 filii
1011 4333 1041 4396 in
1063 4333 1191 4415 stirpes
1213 4333 1286 4413 jure
1301 4350 1436 4413 reprae-

242 4424 437 4493 sentationis
454 4413 510 4503 (F.
527 4422 569 4486 11
587 4411 770 4502 etl113.)
795 4422 873 4486 Dico
899 4427 1006 4487 autem
1030 4421 1070 4484 de
1093 4421 1246 4485 fratribus
1261 4438 1436 4500 eorumque

247 4509 328 4590 liliis,
354 4511 407 4590 qui
431 4531 470 4576 ex
494 4515 629 4588 utroque
652 4516 787 4590 parente
811 4511 999 4590 contingunt
1022 4528 1105 4589 ιιιι,
1130 4509 1170 4573 de
1195 4509 1284 4589 cujus
1308 4507 1436 4573 heredi·
