3260 5018
290 419 354 488 256
650 458 652 464 .
824 413 958 467 scransnn
1011 418 1025 424 ··
1060 437 1061 440 κ

289 553 501 631 ConwaldiuS,
526 551 738 617 anadislao
754 552 843 632 Rege
867 539 957 631 (ooo.
978 545 1083 630 1471)
1101 550 1230 618 Samuel
1253 554 1294 618 de
1310 553 1477 620 Hradecco

291 640 519 718 Waleczovius‚
543 659 582 705 eo
604 639 693 720 fungi
717 639 789 704 olim
813 644 863 703 cst
881 639 999 716 jussus.
1030 638 1121 717 Quod
1149 643 1185 703 ut
1213 641 1245 708 in
1276 660 1366 706 usum
1389 660 1476 708 revo-

291 735 423 796 caretur
452 733 486 794 et
516 728 795 807 frequentaretur,
826 745 988 805 nunquam
1012 727 1121 792 Urbes
1150 732 1262 809 regiae
1291 731 1478 796 desinebant

291 825 414 901 optare.
452 817 532 880 Naro
558 817 633 895 quia
656 817 859 896 experientia
882 820 1061 896 temporum
1085 817 1288 894 superiorum
1311 819 1477 883 manifeste

290 907 442 985 ostendit,
458 907 601 986 quamvis
610 904 731 968 Civium
745 921 871 983 queque
882 903 971 968 Ordo
983 921 1061 985 pars
1073 904 1157 982 apud
1169 923 1227 970 nos
1236 907 1277 972 sit
1286 907 1477 988 reipublicae

289 1001 322 1060 et
347 1011 441 1060 nemo
465 999 573 1058 tamen
598 1012 637 1057 ex
660 991 720 1056 hoc
735 993 858 1056 Ordine
881 993 913 1055 in
937 993 1103 1057 consilium
1127 996 1252 1075 regium
1272 995 1476 1076 allegebatur,

291 1084 407 1150 abusos
435 1100 595 1163 persaepe
625 1080 686 1144 loci
717 1098 756 1145 ac
785 1080 927 1144 muneris
957 1081 1131 1145 eminentia
1161 1101 1200 1146 ex
1223 1084 1391 1149 nobilitate
1419 1101 1477 1146 non

290 1189 417 1253 paucos
442 1171 485 1235 ad
507 1187 618 1249 regom
643 1168 835 1244 civitatibus
867 1185 930 1231 non
953 1167 1054 1233 solum
1077 1185 1192 1248 parum
1223 1189 1342 1251 aequos
1373 1170 1477 1249 fuisse,

290 1261 347 1324 sed
385 1265 419 1324 et
442 1250 676 1335 (dissimulante
701 1274 767 1321 reru
792 1254 1073 1336 Sub-Camerario,
1106 1259 1417 1351 qu14exllquitibus
1445 1264 1478 1324 ut

291 1349 471 1428 plurimum·
496 1343 582 1424 erat)
616 1361 842 1424 nonnunquam
876 1344 1086 1410 vehementer
1123 1345 1392 1412 incommodasse:
1426 1365 1478 1412 ea-

290 1440 424 1517 propter
456 1434 634 1501 credebant
664 1451 734 1498 cum
762 1431 958 1510 aequitatem
985 1435 1098 1514 ipsam,
1133 1440 1201 1499 tum
1225 1453 1314 1500 suam
1338 1435 1479 1516 inprimis

289 1524 427 1588 salutem
451 1523 637 1588 necessario
660 1523 853 1601 deposcere,
885 1525 921 1584 ut
944 1520 975 1584 in
999 1523 1176 1586 sacratiore
1199 1521 1260 1588 hoo
1283 1523 1479 1602 consistorio,

288 1614 322 1677 in
338 1611 478 1692 quoRex
494 1609 682 1691 plerumque
698 1627 762 1672 non
778 1608 1011 1673 de-nobilitatis
1027 1614 1161 1690 tantum,
1179 1611 1236 1675 sed
1253 1612 1292 1675 de
1309 1613 1479 1676 universae

289 1699 486 1781 reipublicae
509 1697 608 1763 rebus
632 1697 798 1762 eonsilium
823 1695 904 1761 solet
928 1712 1055 1777 capere,
1081 1699 1129 1762 vel
1152 1717 1250 1763 unum
1267 1699 1353 1764 hunc
1368 1717 1407 1763 ex
1423 1717 1478 1763 suo

289 1788 411 1852 Ordine
427 1785 580 1865 habeant,
605 1786 660 1866 qui
675 1784 965 1851 deliberationibus
980 1785 1116 1865 publicis
1133 1787 1259 1866 pariter
1276 1806 1347 1852 cum
1365 1785 1478 1852 nobili-

179 1917 185 1928 ·
288 1881 354 1941 tate
378 1875 535 1938 interesse
560 1877 593 1938 et
616 1873 658 1938 ad
681 1873 804 1952 Regem
828 1872 939 1952 libere,
964 1873 1048 1952 quod
1073 1877 1107 1937 et
1130 1876 1255 1952 quoties
1278 1892 1359 1956 opus
1383 1881 1477 1954 esset,

289 1965 328 2029 de
366 1963 539 2027 Civitatum
577 1959 682 2028 causis
720 1961 900 2040 querelisve
939 1960 1064 2044 referre
1099 1961 1167 2041 ipse
1203 1968 1321 2044 posset.
1363 1962 1479 2028 Subest

288 2051 412 2116 muneri
427 2050 501 2113 huic
516 2050 666 2128 vicarius,
691 2066 784 2128 quem
803 2052 917 2114 vocant
933 2046 998 2113 Sub
1017 2048 1260 2115 camerariatus
1284 2050 1478 2131 praefectus,

288 2145 322 2204 et
343 2138 460 2204 Curiae
485 2139 655 2204 Civitatum
681 2136 817 2202 Praetor
838 2135 972 2215 aulicus,
998 2135 1174 2216 Scribaque
1198 2137 1383 2205 Cameralis.

386 2227 440 2291 IV.
467 2227 570 2304 Atque
593 2225 674 2288 haec
698 2231 771 2288 siunt
786 2226 975 2306 optimatum
992 2243 1049 2290 seu
1065 2225 1242 2306 primorum
1257 2227 1363 2306 Regni
1378 2227 1477 2306 digni-

289 2317 365 2380 tatis
377 2315 644 2379 honoratissimae
657 2331 799 2377 munera.
823 2307 996 2389 Κειμηλίοις
1012 2331 1109 2394 porro
1125 2314 1333 2394 reipublicae,
1356 2314 1416 2379 hoc
1431 2320 1481 2378 est

288 2403 451 2480 regalibus
475 2402 671 2466 ornamentis
692 2419 729 2465 ac
746 2401 922 2482 privilegiis
938 2402 1044 2480 gentis
1061 2401 1287 2482 custodiendis,
1315 2403 1480 2466 institutus

289 2496 339 2555 est
375 2489 704 2570 burggraviatus
744 2487 1147 2554 Oaroiosteiuensis.
1191 2489 1381 2569 Funguntur
1418 2490 1480 2555 hoe

290 2576 393 2643 officio
419 2597 546 2658 semper
568 2577 742 2642 nobilitatis
766 2582 913 2642 vetustae
937 2578 997 2642 viri
1022 2578 1093 2656 duo,
1125 2577 1210 2641 Baro
1234 2595 1315 2642 unus
1340 2582 1374 2642 et
1396 2579 1480 2643 alter

290 2668 408 2745 Eques
434 2667 487 2746 qui
511 2665 690 2730 arctissimo
714 2666 796 2730 sicut
812 2665 895 2744 Regi
911 2664 1098 2744 Regnoque,
1122 2665 1168 2728 ita
1192 2671 1300 2731 mutuo
1317 2666 1379 2747 ipsi
1394 2666 1481 2730 inter

234 2804 236 2808 .
289 2772 324 2819 se
355 2754 494 2819 devincti
527 2757 738 2832 sacramento,
775 2772 837 2816 non
862 2752 939 2817 alibi
962 2769 1056 2831 quam
1078 2753 1166 2816 intra
1188 2754 1280 2832 regni
1303 2751 1383 2819 fines
1407 2772 1479 2818 esse

287 2847 462 2922 perpetuo,
494 2840 751 2920 domiciliumque
779 2840 901 2905 habere
932 2844 1092 2904 tenentur.
1125 2839 1167 2904 Hi
1191 2842 1335 2920 quamvis
1357 2842 1481 2922 pariter

290 2930 533 3009 obstringuntur
557 2929 652 2993 ambo
675 2930 718 2992 ad
740 2928 982 3008 providendum,
1013 2946 1053 2991 ne
1077 2928 1152 3005 quid
1176 2947 1233 2993 arx
1256 2927 1481 2994 Oarolosteina

290 3018 340 3083 vel
364 3036 446 3098 quae
469 3020 502 3082 iu
525 3035 565 3081 ea
587 3021 661 3081 sunt
683 3017 862 3096 recondita,
887 3015 1070 3080 detrimenti
1095 3015 1240 3096 capiant,
1264 3017 1481 3082 emolumenta

290 3111 398 3170 tamen
421 3124 460 3170 ao
481 3103 605 3169 fruetus
629 3123 667 3168 ex
690 3104 759 3182 ejus
784 3104 903 3169 ditione
928 3108 996 3168 tota
1027 3093 1152 3178 (dotata
1175 3104 1325 3168 videlicet
1348 3109 1398 3170 est
1420 3121 1481 3168 arx

289 3195 368 3258 baec
400 3191 568 3272 magnifice
600 3191 686 3256 vicis
709 3196 742 3255 et
772 3209 851 3272 agro
883 3191 980 3256 multo
1012 3209 1082 3255 eum
1120 3191 1278 3257 aOarolo
1306 3192 1480 3257 fundatore

289 3281 402 3362 primo,
434 3288 501 3347 tum
524 3281 669 3360 inprimis
694 3297 713 3343 a
737 3280 885 3344 Wilelmo
909 3279 1014 3344 Dubio
1039 3280 1078 3344 de
1103 3274 1371 3362 Trzebomyslica)
1398 3298 1479 3344 non-

289 3369 351 3434 nisi
374 3369 414 3434 ab
438 3387 510 3448 uno,
536 3368 694 3448 tantisper
711 3368 785 3431 dum
803 3369 843 3432 cle
858 3369 924 3432 vita
939 3367 990 3430 vel
1012 3367 1174 3433 functione
1192 3368 1337 3448 decedat,
1354 3368 1478 3449 percipi

287 3477 327 3522 ex
352 3475 423 3523 asse
446 3457 497 3520 lex
517 3455 619 3534 jnbet.
656 3454 897 3522 Usufructuario
926 3454 1068 3536 collegae
1098 3453 1305 3536 praemortuo
1335 3455 1480 3521 succedit

291 3548 427 3625 demum,
452 3545 577 3609 nomine
601 3544 850 3622 interturbante,
876 3542 998 3622 collega
1014 3549 1189 3625 superstes,
1214 3548 1248 3610 et
1263 3543 1420 3621 similiter,
1445 3548 1482 3606 ut

290 3635 450 3713 decessor,
476 3631 689 3713 quoadvivit,
714 3633 871 3697 reditibus
895 3630 956 3694 illis
980 3632 1063 3696 solus
1087 3633 1215 3696 fruitur.
1242 3631 1276 3696 Si
1300 3648 1362 3710 qua
1379 3633 1480 3695 alter-

288 3722 391 3787 utrius
421 3722 469 3786 vel
501 3723 669 3798 utriusque
704 3721 798 3800 culpa
829 3719 990 3798 contingat
1023 3737 1130 3784 arcem
1165 3719 1251 3786 hosti
1282 3720 1316 3782 in
1350 3736 1481 3783 manum

289 3811 399 3874 venire
415 3811 465 3878 vel
482 3810 631 3873 ‹lamnum
644 3807 773 3888 aliquod
785 3806 982 3888 reipublicae
994 3807 1122 3872 noxium
1135 3807 1293 3889 accipere,
1317 3808 1482 3886 convictus

290 3900 330 3963 de
348 3898 451 3979 culpa,
469 3899 535 3962 sive
552 3899 710 3962 alteruter
726 3897 793 3960 sive
809 3901 944 3974 uterque
961 3895 1076 3976 capitis
1090 3894 1258 3975 famaeque
1274 3899 1309 3959 et
1323 3896 1482 3960 bonorum

290 3986 460 4052 amissione
484 4002 605 4066 poenas
629 3984 688 4048 luit
706 3978 740 4062 ¹).

388 4073 626 4154 Cognoscendis
661 4089 738 4136 vero
770 4072 879 4137 litibus
907 4076 972 4136 tam
1005 4073 1149 4140 civilibus
1179 4088 1273 4151 quam
1305 4072 1483 4137 criminali-

291 4163 359 4239 bus,
394 4161 524 4242 jurique
563 4161 699 4226 dicundo
734 4159 826 4224 sedet
859 4178 918 4240 pro
953 4160 1106 4227 tribunali
1138 4160 1230 4226 statis
1265 4159 1378 4225 diebus
1411 4166 1483 4224 tum

289 4247 394 4327 Major
431 4256 497 4315 tum
536 4249 640 4314 Minor
677 4247 1063 4338 Regni-Senatus
1100 4238 1137 4328 ²),
1175 4248 1216 4313 de
1255 4263 1316 4328 quo
1354 4248 1485 4330 plenius

389 4442 413 4510 1)
430 4441 481 4494 Jus
501 4439 625 4496 Procne.
644 4441 679 4496 n.
690 4441 734 4509 45,
752 4437 785 4496 Β.
797 4442 823 4510 a,
837 4443 863 4510 a,
877 4441 919 4511 15,
932 4445 974 4500 lo.
1012 4441 1037 4512 q
1055 4443 1106 4496 Jus
1124 4441 1247 4497 noune.
1269 4442 1304 4499 a
1322 4415 1417 4499 aaa.
1436 4441 1490 4499 oo.
