<?xml version="1.0" encoding="UTF-8"?>
<!DOCTYPE html PUBLIC "-//W3C//DTD XHTML 1.0 Transitional//EN"
    "http://www.w3.org/TR/xhtml1/DTD/xhtml1-transitional.dtd">
<html xmlns="http://www.w3.org/1999/xhtml" xml:lang="en" lang="en">
 <head>
  <title>
</title>
<meta http-equiv="Content-Type" content="text/html;charset=utf-8" />
  <meta name='ocr-system' content='tesseract 3.04.00' />
  <meta name='ocr-capabilities' content='ocr_page ocr_carea ocr_par ocr_line ocrx_word'/>
</head>
<body>
  <div class='ocr_page' id='page_1' title='image "./codexjurisbohem01kingoog_0026.png"; bbox 0 0 3196 5010; ppageno 0'>
   <div class='ocr_carea' id='block_1_1' title="bbox 252 438 1039 510">
    <p class='ocr_par' dir='ltr' id='par_1_1' title="bbox 252 438 1039 510">
     <span class='ocr_line' id='line_1_1' title="bbox 252 438 1039 510; baseline 0.003 -21"><span class='ocrx_word' id='word_1_1' title='bbox 252 444 290 510; x_wconf 82' lang='lat'>10</span> <span class='ocrx_word' id='word_1_2' title='bbox 642 440 673 494; x_wconf 84' lang='lat' dir='ltr'>V.</span> <span class='ocrx_word' id='word_1_3' title='bbox 694 439 862 508; x_wconf 87' lang='lat' dir='ltr'>Ophthalrnii</span> <span class='ocrx_word' id='word_1_4' title='bbox 881 438 1039 492; x_wconf 71' lang='lat' dir='ltr'>Processere.</span> 
     </span>
    </p>
   </div>
   <div class='ocr_carea' id='block_1_2' title="bbox 248 578 1444 749">
    <p class='ocr_par' dir='ltr' id='par_1_2' title="bbox 248 578 1444 749">
     <span class='ocr_line' id='line_1_2' title="bbox 346 578 1442 660; baseline 0.001 -16"><span class='ocrx_word' id='word_1_5' title='bbox 346 581 401 645; x_wconf 91' lang='lat' dir='ltr'>IV.</span> <span class='ocrx_word' id='word_1_6' title='bbox 415 580 618 658; x_wconf 80' lang='lat' dir='ltr'>Gamerae,</span> <span class='ocrx_word' id='word_1_7' title='bbox 635 579 686 643; x_wconf 91' lang='lat' dir='ltr'>cni</span> <span class='ocrx_word' id='word_1_8' title='bbox 702 578 866 659; x_wconf 82' lang='lat' dir='ltr'>praesidet</span> <span class='ocrx_word' id='word_1_9' title='bbox 880 596 1046 660; x_wconf 90' lang='lat' dir='ltr'>supremus</span> <span class='ocrx_word' id='word_1_10' title='bbox 1062 579 1170 644; x_wconf 85' lang='lat' dir='ltr'>curiae</span> <span class='ocrx_word' id='word_1_11' title='bbox 1188 581 1350 660; x_wconf 77' lang='lat' dir='ltr'>magister,</span> <span class='ocrx_word' id='word_1_12' title='bbox 1364 599 1442 645; x_wconf 83' lang='lat' dir='ltr'>cunr</span> 
     </span>
     <span class='ocr_line' id='line_1_3' title="bbox 248 657 1444 749; baseline 0 -15"><span class='ocrx_word' id='word_1_13' title='bbox 248 669 421 735; x_wconf 82' lang='lat' dir='ltr'><strong>baronibus</strong></span> <span class='ocrx_word' id='word_1_14' title='bbox 444 674 478 733; x_wconf 91' lang='lat' dir='ltr'>et</span> <span class='ocrx_word' id='word_1_15' title='bbox 499 667 659 733; x_wconf 89' lang='lat' dir='ltr'>nobilibus</span> <span class='ocrx_word' id='word_1_16' title='bbox 682 667 722 731; x_wconf 91' lang='lat' dir='ltr'>ad</span> <span class='ocrx_word' id='word_1_17' title='bbox 747 667 910 732; x_wconf 89' lang='lat' dir='ltr'>minimum</span> <span class='ocrx_word' id='word_1_18' title='bbox 933 666 1111 732; x_wconf 81' lang='lat' dir='ltr'><strong>duodecim.</strong></span> <span class='ocrx_word' id='word_1_19' title='bbox 1135 657 1195 746; x_wconf 86' lang='lat' dir='ltr'>(la</span> <span class='ocrx_word' id='word_1_20' title='bbox 1208 667 1309 733; x_wconf 80' lang='lat' dir='ltr'>Cobet.</span> <span class='ocrx_word' id='word_1_21' title='bbox 1331 669 1365 733; x_wconf 87' lang='lat'>0.</span> <span class='ocrx_word' id='word_1_22' title='bbox 1384 659 1444 749; x_wconf 82' lang='lat'>5.)</span> 
     </span>
    </p>
   </div>
   <div class='ocr_carea' id='block_1_3' title="bbox 250 775 1442 948">
    <p class='ocr_par' dir='ltr' id='par_1_3' title="bbox 250 775 1442 948">
     <span class='ocr_line' id='line_1_4' title="bbox 279 775 1442 861; baseline -0.001 -17"><span class='ocrx_word' id='word_1_23' title='bbox 279 790 281 794; x_wconf 85' lang='grc'><strong>’</strong></span> <span class='ocrx_word' id='word_1_24' title='bbox 348 779 387 844; x_wconf 90' lang='lat' dir='ltr'>V.</span> <span class='ocrx_word' id='word_1_25' title='bbox 403 777 718 861; x_wconf 82' lang='lat' dir='ltr'>Burgraviatus,</span> <span class='ocrx_word' id='word_1_26' title='bbox 743 778 793 842; x_wconf 90' lang='lat' dir='ltr'>cui</span> <span class='ocrx_word' id='word_1_27' title='bbox 809 777 974 858; x_wconf 83' lang='lat' dir='ltr'>praesidet</span> <span class='ocrx_word' id='word_1_28' title='bbox 995 776 1187 858; x_wconf 84' lang='lat' dir='ltr'>burgravius</span> <span class='ocrx_word' id='word_1_29' title='bbox 1203 775 1374 859; x_wconf 82' lang='lat' dir='ltr'>Pragensis</span> <span class='ocrx_word' id='word_1_30' title='bbox 1396 778 1442 843; x_wconf 87' lang='lat' dir='ltr'>ad</span> 
     </span>
     <span class='ocr_line' id='line_1_5' title="bbox 250 855 1321 948; baseline -0.003 -15"><span class='ocrx_word' id='word_1_31' title='bbox 250 868 413 933; x_wconf 89' lang='lat' dir='ltr'>minimum</span> <span class='ocrx_word' id='word_1_32' title='bbox 437 885 508 932; x_wconf 88' lang='lat' dir='ltr'>cum</span> <span class='ocrx_word' id='word_1_33' title='bbox 533 885 589 932; x_wconf 85' lang='lat' dir='ltr'>sex</span> <span class='ocrx_word' id='word_1_34' title='bbox 611 867 758 948; x_wconf 86' lang='lat' dir='ltr'>personis</span> <span class='ocrx_word' id='word_1_35' title='bbox 780 865 949 931; x_wconf 91' lang='lat' dir='ltr'>nobilibus.</span> <span class='ocrx_word' id='word_1_36' title='bbox 974 855 1032 944; x_wconf 84' lang='lat' dir='ltr'>(Ia</span> <span class='ocrx_word' id='word_1_37' title='bbox 1057 865 1157 930; x_wconf 80' lang='lat' dir='ltr'>Ooaet.</span> <span class='ocrx_word' id='word_1_38' title='bbox 1186 867 1221 931; x_wconf 89' lang='lat'>0.</span> <span class='ocrx_word' id='word_1_39' title='bbox 1247 867 1297 931; x_wconf 84' lang='lat'>19.</span> <span class='ocrx_word' id='word_1_40' title='bbox 1298 857 1321 948; x_wconf 90' lang='lat'><em>)</em></span> 
     </span>
    </p>
   </div>
   <div class='ocr_carea' id='block_1_4' title="bbox 293 996 1390 1153">
    <p class='ocr_par' dir='ltr' id='par_1_4' title="bbox 293 996 1390 1153">
     <span class='ocr_line' id='line_1_6' title="bbox 293 996 1390 1153; baseline -0.001 -88"><span class='ocrx_word' id='word_1_41' title='bbox 293 1002 459 1079; x_wconf 82' lang='lat' dir='ltr'>Versus,</span> <span class='ocrx_word' id='word_1_42' title='bbox 485 999 554 1080; x_wconf 84' lang='lat' dir='ltr'>qui</span> <span class='ocrx_word' id='word_1_43' title='bbox 577 998 768 1153; x_wconf 50' lang='lat' dir='ltr'>indicant),</span> <span class='ocrx_word' id='word_1_44' title='bbox 794 996 955 1080; x_wconf 88' lang='lat' dir='ltr'>qnando</span> <span class='ocrx_word' id='word_1_45' title='bbox 978 997 1080 1063; x_wconf 84' lang='lat' dir='ltr'>haec</span> <span class='ocrx_word' id='word_1_46' title='bbox 1099 996 1259 1078; x_wconf 89' lang='lat' dir='ltr'>judicia</span> <span class='ocrx_word' id='word_1_47' title='bbox 1289 999 1390 1064; x_wconf 91' lang='lat' dir='ltr'>cele-</span> 
     </span>
     <span class='ocr_line' id='line_1_7' title="bbox 777 1092 941 1152; baseline -0.012 -1"><span class='ocrx_word' id='word_1_48' title='bbox 777 1092 941 1152; x_wconf 88' lang='lat' dir='ltr'>rantur:</span> 
     </span>
    </p>
   </div>
   <div class='ocr_carea' id='block_1_5' title="bbox 338 1196 1305 1896">
    <p class='ocr_par' dir='ltr' id='par_1_5' title="bbox 339 1196 1305 1366">
     <span class='ocr_line' id='line_1_8' title="bbox 339 1196 1305 1278; baseline 0.003 -19"><span class='ocrx_word' id='word_1_49' title='bbox 339 1197 417 1262; x_wconf 89' lang='lat' dir='ltr'>Post</span> <span class='ocrx_word' id='word_1_50' title='bbox 437 1198 571 1262; x_wconf 86' lang='lat' dir='ltr'>Cineres</span> <span class='ocrx_word' id='word_1_51' title='bbox 596 1198 729 1277; x_wconf 89' lang='lat' dir='ltr'>decimo,</span> <span class='ocrx_word' id='word_1_52' title='bbox 753 1201 842 1262; x_wconf 87' lang='lat' dir='ltr'>sento</span> <span class='ocrx_word' id='word_1_53' title='bbox 867 1204 940 1277; x_wconf 90' lang='lat' dir='ltr'>post</span> <span class='ocrx_word' id='word_1_54' title='bbox 963 1196 1115 1277; x_wconf 91' lang='lat' dir='ltr'>Pneume,</span> <span class='ocrx_word' id='word_1_55' title='bbox 1139 1215 1305 1278; x_wconf 89' lang='lat' dir='ltr'>supremus</span> 
     </span>
     <span class='ocr_line' id='line_1_9' title="bbox 403 1285 1000 1366; baseline 0 -16"><span class='ocrx_word' id='word_1_56' title='bbox 403 1287 508 1352; x_wconf 74' lang='lat' dir='ltr'>iudex</span> <span class='ocrx_word' id='word_1_57' title='bbox 526 1286 579 1366; x_wconf 85' lang='lat' dir='ltr'>jus</span> <span class='ocrx_word' id='word_1_58' title='bbox 603 1286 690 1366; x_wconf 90' lang='lat' dir='ltr'>dicit,</span> <span class='ocrx_word' id='word_1_59' title='bbox 715 1285 915 1366; x_wconf 84' lang='lat' dir='ltr'>Remigiique</span> <span class='ocrx_word' id='word_1_60' title='bbox 939 1285 1000 1350; x_wconf 86' lang='lat' dir='ltr'>die.</span> 
     </span>
    </p>

    <p class='ocr_par' dir='ltr' id='par_1_6' title="bbox 338 1371 1294 1543">
     <span class='ocr_line' id='line_1_10' title="bbox 338 1371 1294 1454; baseline -0.002 -16"><span class='ocrx_word' id='word_1_61' title='bbox 338 1375 459 1452; x_wconf 84' lang='lat' dir='ltr'>Quarta</span> <span class='ocrx_word' id='word_1_62' title='bbox 483 1374 581 1452; x_wconf 81' lang='lat' dir='ltr'>Quasi</span> <span class='ocrx_word' id='word_1_63' title='bbox 604 1393 644 1438; x_wconf 88' lang='lat' dir='ltr'>ex</span> <span class='ocrx_word' id='word_1_64' title='bbox 667 1373 790 1438; x_wconf 89' lang='lat' dir='ltr'>damnis</span> <span class='ocrx_word' id='word_1_65' title='bbox 814 1373 962 1438; x_wconf 84' lang='lat' dir='ltr'>vocatia</span> <span class='ocrx_word' id='word_1_66' title='bbox 984 1371 1036 1452; x_wconf 85' lang='lat' dir='ltr'>jus</span> <span class='ocrx_word' id='word_1_67' title='bbox 1056 1371 1129 1453; x_wconf 88' lang='lat' dir='ltr'>jure</span> <span class='ocrx_word' id='word_1_68' title='bbox 1152 1373 1294 1454; x_wconf 87' lang='lat' dir='ltr'>citatum,</span> 
     </span>
     <span class='ocr_line' id='line_1_11' title="bbox 402 1461 1197 1543; baseline 0.001 -18"><span class='ocrx_word' id='word_1_69' title='bbox 402 1462 551 1527; x_wconf 85' lang='lat' dir='ltr'>Proxima</span> <span class='ocrx_word' id='word_1_70' title='bbox 574 1461 676 1543; x_wconf 82' lang='lat' dir='ltr'>Marg.</span> <span class='ocrx_word' id='word_1_71' title='bbox 701 1468 735 1528; x_wconf 91' lang='lat' dir='ltr'>et</span> <span class='ocrx_word' id='word_1_72' title='bbox 758 1463 840 1542; x_wconf 82' lang='lat' dir='ltr'>Lin,</span> <span class='ocrx_word' id='word_1_73' title='bbox 865 1461 1063 1542; x_wconf 86' lang='lat' dir='ltr'>Fabianiqne</span> <span class='ocrx_word' id='word_1_74' title='bbox 1087 1461 1197 1526; x_wconf 89' lang='lat' dir='ltr'>sacris.</span> 
     </span>
    </p>

    <p class='ocr_par' dir='ltr' id='par_1_7' title="bbox 340 1549 1164 1718">
     <span class='ocr_line' id='line_1_12' title="bbox 340 1549 1164 1631; baseline 0.002 -19"><span class='ocrx_word' id='word_1_75' title='bbox 340 1551 498 1616; x_wconf 84' lang='lat' dir='ltr'>l’rovucat</span> <span class='ocrx_word' id='word_1_76' title='bbox 521 1551 561 1614; x_wconf 87' lang='lat' dir='ltr'>ad</span> <span class='ocrx_word' id='word_1_77' title='bbox 585 1550 659 1615; x_wconf 89' lang='lat' dir='ltr'>lites</span> <span class='ocrx_word' id='word_1_78' title='bbox 681 1550 734 1615; x_wconf 87' lang='lat' dir='ltr'>lux</span> <span class='ocrx_word' id='word_1_79' title='bbox 758 1551 904 1631; x_wconf 83' lang='lat' dir='ltr'>proxima</span> <span class='ocrx_word' id='word_1_80' title='bbox 928 1549 1164 1630; x_wconf 86' lang='lat' dir='ltr'>Bartolomaeo,</span> 
     </span>
     <span class='ocr_line' id='line_1_13' title="bbox 405 1637 1078 1718; baseline 0 -16"><span class='ocrx_word' id='word_1_81' title='bbox 405 1637 556 1718; x_wconf 80' lang='lat' dir='ltr'>Martiae,</span> <span class='ocrx_word' id='word_1_82' title='bbox 579 1638 689 1718; x_wconf 90' lang='lat' dir='ltr'>Panlo,</span> <span class='ocrx_word' id='word_1_83' title='bbox 713 1637 944 1718; x_wconf 88' lang='lat' dir='ltr'>Relliquiisquc</span> <span class='ocrx_word' id='word_1_84' title='bbox 967 1638 1078 1703; x_wconf 83' lang='lat' dir='ltr'>sacris</span> 
     </span>
    </p>

    <p class='ocr_par' dir='ltr' id='par_1_8' title="bbox 340 1724 1222 1896">
     <span class='ocr_line' id='line_1_14' title="bbox 340 1724 1220 1808; baseline 0 -18"><span class='ocrx_word' id='word_1_85' title='bbox 340 1727 453 1791; x_wconf 87' lang='lat' dir='ltr'>Tertia</span> <span class='ocrx_word' id='word_1_86' title='bbox 474 1733 549 1808; x_wconf 90' lang='lat' dir='ltr'>post</span> <span class='ocrx_word' id='word_1_87' title='bbox 572 1725 717 1806; x_wconf 89' lang='lat' dir='ltr'>Paulum,</span> <span class='ocrx_word' id='word_1_88' title='bbox 742 1726 926 1806; x_wconf 88' lang='lat' dir='ltr'>Martinum,</span> <span class='ocrx_word' id='word_1_89' title='bbox 949 1724 1220 1803; x_wconf 87' lang='lat' dir='ltr'>Bertolumaeum,</span> 
     </span>
     <span class='ocr_line' id='line_1_15' title="bbox 405 1814 1222 1896; baseline 0.002 -18"><span class='ocrx_word' id='word_1_90' title='bbox 405 1814 440 1880; x_wconf 92' lang='lat' dir='ltr'>ln</span> <span class='ocrx_word' id='word_1_91' title='bbox 460 1814 513 1896; x_wconf 89' lang='lat' dir='ltr'>jus</span> <span class='ocrx_word' id='word_1_92' title='bbox 536 1821 610 1896; x_wconf 89' lang='lat' dir='ltr'>post</span> <span class='ocrx_word' id='word_1_93' title='bbox 633 1814 757 1879; x_wconf 79' lang='lat' dir='ltr'>Pascha</span> <span class='ocrx_word' id='word_1_94' title='bbox 780 1815 834 1879; x_wconf 84' lang='lat' dir='ltr'>lux</span> <span class='ocrx_word' id='word_1_95' title='bbox 858 1833 983 1895; x_wconf 86' lang='lat' dir='ltr'>quoqne</span> <span class='ocrx_word' id='word_1_96' title='bbox 1007 1831 1091 1879; x_wconf 88' lang='lat' dir='ltr'>none</span> <span class='ocrx_word' id='word_1_97' title='bbox 1122 1820 1222 1880; x_wconf 86' lang='lat' dir='ltr'>vocat.</span> 
     </span>
    </p>
   </div>
   <div class='ocr_carea' id='block_1_6' title="bbox 252 1923 1444 2279">
    <p class='ocr_par' dir='ltr' id='par_1_9' title="bbox 252 1923 1444 2279">
     <span class='ocr_line' id='line_1_16' title="bbox 350 1923 1443 2006; baseline 0 -18"><span class='ocrx_word' id='word_1_98' title='bbox 350 1924 523 2002; x_wconf 81' lang='lat' dir='ltr'>Quodlibet</span> <span class='ocrx_word' id='word_1_99' title='bbox 544 1924 659 1990; x_wconf 91' lang='lat' dir='ltr'>horum</span> <span class='ocrx_word' id='word_1_100' title='bbox 690 1923 883 2003; x_wconf 88' lang='lat' dir='ltr'>judiciorum</span> <span class='ocrx_word' id='word_1_101' title='bbox 913 1925 1011 1989; x_wconf 87' lang='lat' dir='ltr'>habet</span> <span class='ocrx_word' id='word_1_102' title='bbox 1040 1942 1098 1988; x_wconf 87' lang='lat' dir='ltr'>sua</span> <span class='ocrx_word' id='word_1_103' title='bbox 1127 1928 1216 1989; x_wconf 89' lang='lat' dir='ltr'>certe</span> <span class='ocrx_word' id='word_1_104' title='bbox 1240 1924 1384 2006; x_wconf 88' lang='lat' dir='ltr'>subjecta</span> <span class='ocrx_word' id='word_1_105' title='bbox 1408 1931 1443 1990; x_wconf 92' lang='lat' dir='ltr'>et</span> 
     </span>
     <span class='ocr_line' id='line_1_17' title="bbox 252 2011 1439 2094; baseline -0.001 -16"><span class='ocrx_word' id='word_1_106' title='bbox 252 2013 435 2094; x_wconf 89' lang='lat' dir='ltr'>attributa,</span> <span class='ocrx_word' id='word_1_107' title='bbox 459 2013 489 2076; x_wconf 94' lang='lat' dir='ltr'>in</span> <span class='ocrx_word' id='word_1_108' title='bbox 515 2013 629 2092; x_wconf 88' lang='lat' dir='ltr'>quibus</span> <span class='ocrx_word' id='word_1_109' title='bbox 648 2011 774 2089; x_wconf 89' lang='lat' dir='ltr'>judices</span> <span class='ocrx_word' id='word_1_110' title='bbox 796 2013 881 2077; x_wconf 89' lang='lat' dir='ltr'>intra</span> <span class='ocrx_word' id='word_1_111' title='bbox 904 2018 1006 2077; x_wconf 89' lang='lat' dir='ltr'>metas</span> <span class='ocrx_word' id='word_1_112' title='bbox 1030 2012 1248 2094; x_wconf 86' lang='lat' dir='ltr'>praescriptas</span> <span class='ocrx_word' id='word_1_113' title='bbox 1271 2031 1342 2078; x_wconf 88' lang='lat' dir='ltr'>sese</span> <span class='ocrx_word' id='word_1_114' title='bbox 1366 2032 1439 2078; x_wconf 90' lang='lat' dir='ltr'>con·</span> 
     </span>
     <span class='ocr_line' id='line_1_18' title="bbox 254 2092 1444 2191; baseline 0 -26"><span class='ocrx_word' id='word_1_115' title='bbox 254 2104 377 2167; x_wconf 77' lang='lat' dir='ltr'>tineent</span> <span class='ocrx_word' id='word_1_116' title='bbox 399 2119 530 2166; x_wconf 81' lang='lat' dir='ltr'>neeesse</span> <span class='ocrx_word' id='word_1_117' title='bbox 545 2107 603 2166; x_wconf 79' lang='lat' dir='ltr'>&#39;est</span> <span class='ocrx_word' id='word_1_118' title='bbox 625 2092 696 2180; x_wconf 86' lang='lat' dir='ltr'>(De</span> <span class='ocrx_word' id='word_1_119' title='bbox 719 2099 832 2190; x_wconf 80' lang='lat' dir='ltr'>quibua</span> <span class='ocrx_word' id='word_1_120' title='bbox 848 2100 923 2166; x_wconf 78' lang='lat' dir='ltr'>uide</span> <span class='ocrx_word' id='word_1_121' title='bbox 938 2123 1006 2164; x_wconf 86' lang='lat' dir='ltr'>cam</span> <span class='ocrx_word' id='word_1_122' title='bbox 1025 2101 1128 2166; x_wconf 74' lang='lat' dir='ltr'>tener.</span> <span class='ocrx_word' id='word_1_123' title='bbox 1143 2099 1257 2188; x_wconf 70' lang='lat' dir='ltr'>Requi,</span> <span class='ocrx_word' id='word_1_124' title='bbox 1281 2110 1345 2166; x_wconf 85' lang='lat' dir='ltr'>tana</span> <span class='ocrx_word' id='word_1_125' title='bbox 1368 2125 1444 2191; x_wconf 83' lang='lat' dir='ltr'>qao-</span> 
     </span>
     <span class='ocr_line' id='line_1_19' title="bbox 252 2179 1038 2279; baseline -0.003 -25"><span class='ocrx_word' id='word_1_126' title='bbox 252 2212 311 2279; x_wconf 84' lang='lat' dir='ltr'>que</span> <span class='ocrx_word' id='word_1_127' title='bbox 333 2190 396 2254; x_wconf 83' lang='lat' dir='ltr'>Jaa</span> <span class='ocrx_word' id='word_1_128' title='bbox 420 2189 622 2274; x_wconf 74' lang='lat' dir='ltr'>dlanica&#39;palc</span> <span class='ocrx_word' id='word_1_129' title='bbox 645 2189 813 2278; x_wconf 73' lang='lat' dir='ltr'>Praqeuse</span> <span class='ocrx_word' id='word_1_130' title='bbox 836 2189 905 2253; x_wconf 82' lang='lat' dir='ltr'>saia</span> <span class='ocrx_word' id='word_1_131' title='bbox 929 2179 1038 2268; x_wconf 83' lang='lat' dir='ltr'>iocis.)</span> 
     </span>
    </p>
   </div>
   <div class='ocr_carea' id='block_1_7' title="bbox 164 2297 1442 2645">
    <p class='ocr_par' dir='ltr' id='par_1_10' title="bbox 164 2297 1442 2645">
     <span class='ocr_line' id='line_1_20' title="bbox 350 2297 1442 2380; baseline 0.001 -17"><span class='ocrx_word' id='word_1_132' title='bbox 350 2299 744 2364; x_wconf 79' lang='lat' dir='ltr'>Extraordinariurn</span> <span class='ocrx_word' id='word_1_133' title='bbox 773 2297 927 2378; x_wconf 90' lang='lat' dir='ltr'>judicium</span> <span class='ocrx_word' id='word_1_134' title='bbox 959 2307 1024 2376; x_wconf 87' lang='lat' dir='ltr'>est,</span> <span class='ocrx_word' id='word_1_135' title='bbox 1058 2299 1090 2363; x_wconf 93' lang='lat' dir='ltr'>in</span> <span class='ocrx_word' id='word_1_136' title='bbox 1120 2318 1181 2379; x_wconf 87' lang='lat' dir='ltr'>quo</span> <span class='ocrx_word' id='word_1_137' title='bbox 1216 2304 1350 2380; x_wconf 88' lang='lat' dir='ltr'>recepta</span> <span class='ocrx_word' id='word_1_138' title='bbox 1382 2300 1442 2365; x_wconf 85' lang='lat' dir='ltr'>lori</span> 
     </span>
     <span class='ocr_line' id='line_1_21' title="bbox 252 2385 1441 2468; baseline -0.001 -14"><span class='ocrx_word' id='word_1_139' title='bbox 252 2388 449 2454; x_wconf 86' lang='lat' dir='ltr'>consuetudo</span> <span class='ocrx_word' id='word_1_140' title='bbox 473 2405 537 2452; x_wconf 90' lang='lat' dir='ltr'>non</span> <span class='ocrx_word' id='word_1_141' title='bbox 561 2387 761 2466; x_wconf 89' lang='lat' dir='ltr'>observatur,</span> <span class='ocrx_word' id='word_1_142' title='bbox 777 2392 819 2452; x_wconf 80' lang='lat' dir='ltr'>¹et</span> <span class='ocrx_word' id='word_1_143' title='bbox 842 2386 882 2450; x_wconf 88' lang='lat' dir='ltr'>ed</span> <span class='ocrx_word' id='word_1_144' title='bbox 906 2385 990 2466; x_wconf 85' lang='lat' dir='ltr'>quod</span> <span class='ocrx_word' id='word_1_145' title='bbox 1010 2387 1135 2468; x_wconf 87' lang='lat' dir='ltr'>judices</span> <span class='ocrx_word' id='word_1_146' title='bbox 1166 2389 1234 2452; x_wconf 90' lang='lat' dir='ltr'>sine</span> <span class='ocrx_word' id='word_1_147' title='bbox 1260 2387 1441 2468; x_wconf 90' lang='lat' dir='ltr'>juramento</span> 
     </span>
     <span class='ocr_line' id='line_1_22' title="bbox 164 2467 1440 2645; baseline -0.001 -104"><span class='ocrx_word' id='word_1_148' title='bbox 164 2489 178 2502; x_wconf 63' lang='lat'>²</span> <span class='ocrx_word' id='word_1_149' title='bbox 252 2477 456 2645; x_wconf 38' lang='lat' dir='ltr'>acrithes</span> <span class='ocrx_word' id='word_1_150' title='bbox 478 2474 556 2540; x_wconf 88' lang='lat' dir='ltr'>locis</span> <span class='ocrx_word' id='word_1_151' title='bbox 580 2480 807 2554; x_wconf 88' lang='lat' dir='ltr'>accersuntur,</span> <span class='ocrx_word' id='word_1_152' title='bbox 838 2475 931 2553; x_wconf 81' lang='lat' dir='ltr'>vulgo</span> <span class='ocrx_word' id='word_1_153' title='bbox 956 2467 1092 2557; x_wconf 78' lang='lat' dir='ltr'>brauiiut&#39;J</span> <span class='ocrx_word' id='word_1_154' title='bbox 1116 2472 1182 2552; x_wconf 63' lang='lat' dir='ltr'>{aab</span> <span class='ocrx_word' id='word_1_155' title='bbox 1214 2481 1440 2557; x_wconf 88' lang='lat' dir='ltr'>nuncupatum.</span> 
     </span>
    </p>
   </div>
   <div class='ocr_carea' id='block_1_8' title="bbox 211 2671 1446 3288">
    <p class='ocr_par' dir='ltr' id='par_1_11' title="bbox 211 2671 1446 3288">
     <span class='ocr_line' id='line_1_23' title="bbox 348 2671 1443 2754; baseline -0.004 -15"><span class='ocrx_word' id='word_1_156' title='bbox 348 2673 649 2740; x_wconf 84' lang='lat' dir='ltr'>Extreordinarium</span> <span class='ocrx_word' id='word_1_157' title='bbox 662 2671 818 2754; x_wconf 88' lang='lat' dir='ltr'>judicium</span> <span class='ocrx_word' id='word_1_158' title='bbox 834 2674 867 2738; x_wconf 92' lang='lat' dir='ltr'>in</span> <span class='ocrx_word' id='word_1_159' title='bbox 882 2674 901 2737; x_wconf 87' lang='lat' dir='ltr'>J</span> <span class='ocrx_word' id='word_1_160' title='bbox 905 2692 961 2738; x_wconf 90' lang='lat' dir='ltr'>ure</span> <span class='ocrx_word' id='word_1_161' title='bbox 978 2673 1143 2739; x_wconf 84' lang='lat' dir='ltr'>Communi</span> <span class='ocrx_word' id='word_1_162' title='bbox 1158 2675 1265 2740; x_wconf 90' lang='lat' dir='ltr'>multis</span> <span class='ocrx_word' id='word_1_163' title='bbox 1282 2695 1320 2740; x_wconf 88' lang='lat' dir='ltr'>ex</span> <span class='ocrx_word' id='word_1_164' title='bbox 1340 2675 1443 2739; x_wconf 86' lang='lat' dir='ltr'>causis</span> 
     </span>
     <span class='ocr_line' id='line_1_24' title="bbox 251 2753 1444 2842; baseline -0.002 -14"><span class='ocrx_word' id='word_1_165' title='bbox 251 2763 295 2828; x_wconf 87' lang='lat' dir='ltr'>sic</span> <span class='ocrx_word' id='word_1_166' title='bbox 320 2763 454 2828; x_wconf 90' lang='lat' dir='ltr'>dicitur:</span> <span class='ocrx_word' id='word_1_167' title='bbox 487 2759 610 2842; x_wconf 88' lang='lat' dir='ltr'>Primo,</span> <span class='ocrx_word' id='word_1_168' title='bbox 640 2763 667 2826; x_wconf 91' lang='lat' dir='ltr'>si</span> <span class='ocrx_word' id='word_1_169' title='bbox 697 2760 733 2824; x_wconf 92' lang='lat' dir='ltr'>fit</span> <span class='ocrx_word' id='word_1_170' title='bbox 761 2779 870 2826; x_wconf 87' lang='lat' dir='ltr'>coram</span> <span class='ocrx_word' id='word_1_171' title='bbox 895 2761 1006 2836; x_wconf 86' lang='lat' dir='ltr'>judice</span> <span class='ocrx_word' id='word_1_172' title='bbox 1037 2761 1184 2842; x_wconf 85' lang='lat' dir='ltr'>delegato</span> <span class='ocrx_word' id='word_1_173' title='bbox 1225 2753 1267 2841; x_wconf 92' lang='lat' dir='ltr'>(c.</span> <span class='ocrx_word' id='word_1_174' title='bbox 1294 2763 1444 2828; x_wconf 82' lang='lat' dir='ltr'>induciae</span> 
     </span>
     <span class='ocr_line' id='line_1_25' title="bbox 250 2839 1440 2940; baseline 0 -25"><span class='ocrx_word' id='word_1_175' title='bbox 250 2852 279 2916; x_wconf 84' lang='lat'>3.</span> <span class='ocrx_word' id='word_1_176' title='bbox 299 2875 325 2940; x_wconf 82' lang='lat' dir='ltr'>q.</span> <span class='ocrx_word' id='word_1_177' title='bbox 344 2852 367 2916; x_wconf 82' lang='lat'><strong><em>3</em></strong></span> <span class='ocrx_word' id='word_1_178' title='bbox 383 2852 415 2913; x_wconf 77' lang='lat' dir='ltr'>de</span> <span class='ocrx_word' id='word_1_179' title='bbox 432 2851 583 2936; x_wconf 80' lang='lat' dir='ltr'>epatium,</span> <span class='ocrx_word' id='word_1_180' title='bbox 601 2872 693 2914; x_wconf 81' lang='lat' dir='ltr'>vera:</span> <span class='ocrx_word' id='word_1_181' title='bbox 708 2849 763 2914; x_wconf 79' lang='lat' dir='ltr'>Sic</span> <span class='ocrx_word' id='word_1_182' title='bbox 780 2849 809 2913; x_wconf 88' lang='lat' dir='ltr'>ei</span> <span class='ocrx_word' id='word_1_183' title='bbox 824 2839 910 2926; x_wconf 83' lang='lat' dir='ltr'>out.)</span> <span class='ocrx_word' id='word_1_184' title='bbox 924 2849 1081 2928; x_wconf 86' lang='lat' dir='ltr'>Secunda,</span> <span class='ocrx_word' id='word_1_185' title='bbox 1099 2851 1226 2929; x_wconf 90' lang='lat' dir='ltr'>quando</span> <span class='ocrx_word' id='word_1_186' title='bbox 1251 2869 1314 2916; x_wconf 91' lang='lat' dir='ltr'>uon</span> <span class='ocrx_word' id='word_1_187' title='bbox 1329 2869 1440 2932; x_wconf 87' lang='lat' dir='ltr'>proce·</span> 
     </span>
     <span class='ocr_line' id='line_1_26' title="bbox 211 2936 1441 3020; baseline -0.001 -16"><span class='ocrx_word' id='word_1_188' title='bbox 211 2995 214 3005; x_wconf 75' lang='grc'>,</span> <span class='ocrx_word' id='word_1_189' title='bbox 250 2940 336 3004; x_wconf 88' lang='lat' dir='ltr'>ditur</span> <span class='ocrx_word' id='word_1_190' title='bbox 358 2941 391 3004; x_wconf 90' lang='lat' dir='ltr'>in</span> <span class='ocrx_word' id='word_1_191' title='bbox 415 2938 518 3020; x_wconf 87' lang='lat' dir='ltr'>figura</span> <span class='ocrx_word' id='word_1_192' title='bbox 538 2937 658 3020; x_wconf 89' lang='lat' dir='ltr'>judicii,</span> <span class='ocrx_word' id='word_1_193' title='bbox 683 2937 741 3002; x_wconf 92' lang='lat' dir='ltr'>sed</span> <span class='ocrx_word' id='word_1_194' title='bbox 765 2956 804 3002; x_wconf 83' lang='lat' dir='ltr'>en</span> <span class='ocrx_word' id='word_1_195' title='bbox 823 2936 941 3017; x_wconf 89' lang='lat' dir='ltr'>judicis</span> <span class='ocrx_word' id='word_1_196' title='bbox 958 2937 1061 3002; x_wconf 89' lang='lat' dir='ltr'>oificio</span> <span class='ocrx_word' id='word_1_197' title='bbox 1086 2956 1144 3018; x_wconf 90' lang='lat' dir='ltr'>per</span> <span class='ocrx_word' id='word_1_198' title='bbox 1161 2939 1286 3003; x_wconf 88' lang='lat' dir='ltr'>modurn</span> <span class='ocrx_word' id='word_1_199' title='bbox 1312 2939 1441 3018; x_wconf 88' lang='lat' dir='ltr'>inquisi-</span> 
     </span>
     <span class='ocr_line' id='line_1_27' title="bbox 251 3015 1443 3115; baseline -0.001 -25"><span class='ocrx_word' id='word_1_200' title='bbox 251 3028 344 3093; x_wconf 86' lang='lat' dir='ltr'>tionis</span> <span class='ocrx_word' id='word_1_201' title='bbox 369 3027 418 3092; x_wconf 90' lang='lat' dir='ltr'>vel</span> <span class='ocrx_word' id='word_1_202' title='bbox 434 3026 687 3092; x_wconf 81' lang='lat' dir='ltr'>denunciationis</span> <span class='ocrx_word' id='word_1_203' title='bbox 704 3015 747 3106; x_wconf 93' lang='lat' dir='ltr'>(c.</span> <span class='ocrx_word' id='word_1_204' title='bbox 766 3027 917 3111; x_wconf 73' lang='lat' dir='ltr'>superbie</span> <span class='ocrx_word' id='word_1_205' title='bbox 934 3049 957 3091; x_wconf 90' lang='lat' dir='ltr'>c.</span> <span class='ocrx_word' id='word_1_206' title='bbox 978 3025 1118 3115; x_wconf 79' lang='lat' dir='ltr'>qualiter</span> <span class='ocrx_word' id='word_1_207' title='bbox 1133 3027 1173 3090; x_wconf 86' lang='lat' dir='ltr'>de</span> <span class='ocrx_word' id='word_1_208' title='bbox 1189 3018 1316 3108; x_wconf 82' lang='lat' dir='ltr'>eccas.)</span> <span class='ocrx_word' id='word_1_209' title='bbox 1333 3025 1443 3093; x_wconf 83' lang='lat' dir='ltr'>Tertio</span> 
     </span>
     <span class='ocr_line' id='line_1_28' title="bbox 251 3106 1446 3201; baseline -0.001 -22"><span class='ocrx_word' id='word_1_210' title='bbox 251 3116 281 3180; x_wconf 92' lang='lat' dir='ltr'>in</span> <span class='ocrx_word' id='word_1_211' title='bbox 306 3116 410 3181; x_wconf 84' lang='lat' dir='ltr'>causis</span> <span class='ocrx_word' id='word_1_212' title='bbox 431 3116 606 3192; x_wconf 73' lang='lat' dir='ltr'>electionis</span> <span class='ocrx_word' id='word_1_213' title='bbox 630 3113 853 3196; x_wconf 84' lang='lat' dir='ltr'>postulationis</span> <span class='ocrx_word' id='word_1_214' title='bbox 870 3119 903 3178; x_wconf 86' lang='lat' dir='ltr'>et</span> <span class='ocrx_word' id='word_1_215' title='bbox 919 3115 999 3179; x_wconf 86' lang='lat' dir='ltr'>aliis.</span> <span class='ocrx_word' id='word_1_216' title='bbox 1024 3106 1087 3192; x_wconf 84' lang='lat' dir='ltr'>(Et</span> <span class='ocrx_word' id='word_1_217' title='bbox 1104 3115 1214 3179; x_wconf 82' lang='lat' dir='ltr'>deboc</span> <span class='ocrx_word' id='word_1_218' title='bbox 1227 3115 1356 3201; x_wconf 81' lang='lat' dir='ltr'>judicic</span> <span class='ocrx_word' id='word_1_219' title='bbox 1371 3115 1446 3180; x_wconf 83' lang='lat' dir='ltr'>uide</span> 
     </span>
     <span class='ocr_line' id='line_1_29' title="bbox 254 3197 1446 3288; baseline -0.002 -20"><span class='ocrx_word' id='word_1_220' title='bbox 254 3203 332 3270; x_wconf 78' lang='lat' dir='ltr'>Aba</span> <span class='ocrx_word' id='word_1_221' title='bbox 359 3205 394 3270; x_wconf 85' lang='lat' dir='ltr'>a&#39;a</span> <span class='ocrx_word' id='word_1_222' title='bbox 416 3205 504 3270; x_wconf 80' lang='lat' dir='ltr'>rubr.</span> <span class='ocrx_word' id='word_1_223' title='bbox 533 3205 572 3268; x_wconf 85' lang='lat' dir='ltr'>de</span> <span class='ocrx_word' id='word_1_224' title='bbox 585 3202 689 3288; x_wconf 83' lang='lat' dir='ltr'>judic</span> <span class='ocrx_word' id='word_1_225' title='bbox 717 3211 745 3266; x_wconf 84' lang='lat' dir='ltr'>et</span> <span class='ocrx_word' id='word_1_226' title='bbox 761 3203 842 3268; x_wconf 83' lang='lat' dir='ltr'>Ber.</span> <span class='ocrx_word' id='word_1_227' title='bbox 868 3202 902 3267; x_wconf 83' lang='lat' dir='ltr'>in</span> <span class='ocrx_word' id='word_1_228' title='bbox 918 3203 956 3267; x_wconf 90' lang='lat' dir='ltr'>L.</span> <span class='ocrx_word' id='word_1_229' title='bbox 983 3203 1014 3266; x_wconf 84' lang='lat' dir='ltr'>ea&#39;</span> <span class='ocrx_word' id='word_1_230' title='bbox 1036 3202 1181 3268; x_wconf 81' lang='lat' dir='ltr'>maritae.</span> <span class='ocrx_word' id='word_1_231' title='bbox 1201 3197 1232 3280; x_wconf 85' lang='lat'>§.</span> <span class='ocrx_word' id='word_1_232' title='bbox 1263 3203 1321 3268; x_wconf 81' lang='lat' dir='ltr'>aira</span> <span class='ocrx_word' id='word_1_233' title='bbox 1340 3212 1446 3268; x_wconf 82' lang='lat' dir='ltr'>autera</span> 
     </span>
    </p>
   </div>
   <div class='ocr_carea' id='block_1_9' title="bbox 259 3282 1043 3380">
    <p class='ocr_par' dir='ltr' id='par_1_12' title="bbox 259 3282 1043 3380">
     <span class='ocr_line' id='line_1_30' title="bbox 259 3282 1043 3380; baseline -0.003 -24"><span class='ocrx_word' id='word_1_234' title='bbox 259 3301 432 3358; x_wconf 67' lang='lat' dir='ltr'>extraneus</span> <span class='ocrx_word' id='word_1_235' title='bbox 446 3292 490 3378; x_wconf 85' lang='lat' dir='ltr'>ff.</span> <span class='ocrx_word' id='word_1_236' title='bbox 516 3293 565 3358; x_wconf 83' lang='lat' dir='ltr'>otei</span> <span class='ocrx_word' id='word_1_237' title='bbox 588 3293 685 3380; x_wconf 63' lang='lat' dir='ltr'>tepent</span> <span class='ocrx_word' id='word_1_238' title='bbox 707 3291 834 3356; x_wconf 74' lang='lat' dir='ltr'>Julian</span> <span class='ocrx_word' id='word_1_239' title='bbox 857 3290 898 3355; x_wconf 82' lang='lat' dir='ltr'>de</span> <span class='ocrx_word' id='word_1_240' title='bbox 920 3282 1043 3371; x_wconf 80' lang='lat' dir='ltr'>adult.)</span> 
     </span>
    </p>
   </div>
   <div class='ocr_carea' id='block_1_10' title="bbox 243 3408 1446 3901">
    <p class='ocr_par' dir='ltr' id='par_1_13' title="bbox 243 3408 1446 3623">
     <span class='ocr_line' id='line_1_31' title="bbox 360 3408 1446 3480; baseline -0.002 -14"><span class='ocrx_word' id='word_1_241' title='bbox 360 3414 450 3466; x_wconf 86' lang='lat' dir='ltr'>Causa</span> <span class='ocrx_word' id='word_1_242' title='bbox 463 3410 582 3464; x_wconf 87' lang='lat' dir='ltr'>efficiens</span> <span class='ocrx_word' id='word_1_243' title='bbox 593 3408 756 3476; x_wconf 86' lang='lat' dir='ltr'>judiciorum</span> <span class='ocrx_word' id='word_1_244' title='bbox 776 3415 817 3462; x_wconf 89' lang='lat' dir='ltr'>est</span> <span class='ocrx_word' id='word_1_245' title='bbox 831 3414 915 3480; x_wconf 89' lang='lat' dir='ltr'>Deus,</span> <span class='ocrx_word' id='word_1_246' title='bbox 935 3411 981 3479; x_wconf 90' lang='lat' dir='ltr'>qui</span> <span class='ocrx_word' id='word_1_247' title='bbox 994 3410 1120 3478; x_wconf 87' lang='lat' dir='ltr'>delapsu</span> <span class='ocrx_word' id='word_1_248' title='bbox 1140 3412 1286 3478; x_wconf 90' lang='lat' dir='ltr'>primorum</span> <span class='ocrx_word' id='word_1_249' title='bbox 1306 3416 1446 3478; x_wconf 83' lang='lat' dir='ltr'>parentum</span> 
     </span>
     <span class='ocr_line' id='line_1_32' title="bbox 255 3481 1445 3551; baseline 0 -15"><span class='ocrx_word' id='word_1_250' title='bbox 255 3484 282 3536; x_wconf 96' lang='lat' dir='ltr'>in</span> <span class='ocrx_word' id='word_1_251' title='bbox 305 3483 433 3550; x_wconf 86' lang='lat' dir='ltr'>paradiso</span> <span class='ocrx_word' id='word_1_252' title='bbox 447 3483 560 3551; x_wconf 89' lang='lat' dir='ltr'>primum</span> <span class='ocrx_word' id='word_1_253' title='bbox 569 3481 700 3548; x_wconf 88' lang='lat' dir='ltr'>judicium</span> <span class='ocrx_word' id='word_1_254' title='bbox 714 3482 827 3549; x_wconf 83' lang='lat' dir='ltr'>peregit,</span> <span class='ocrx_word' id='word_1_255' title='bbox 847 3489 874 3538; x_wconf 91' lang='lat' dir='ltr'>et</span> <span class='ocrx_word' id='word_1_256' title='bbox 889 3483 1089 3550; x_wconf 87' lang='lat' dir='ltr'>legumlatores,</span> <span class='ocrx_word' id='word_1_257' title='bbox 1109 3483 1155 3551; x_wconf 90' lang='lat' dir='ltr'>qui</span> <span class='ocrx_word' id='word_1_258' title='bbox 1169 3482 1277 3537; x_wconf 89' lang='lat' dir='ltr'>madum</span> <span class='ocrx_word' id='word_1_259' title='bbox 1290 3499 1321 3536; x_wconf 88' lang='lat' dir='ltr'>ac</span> <span class='ocrx_word' id='word_1_260' title='bbox 1333 3481 1445 3536; x_wconf 80' lang='lat' dir='ltr'>formam</span> 
     </span>
     <span class='ocr_line' id='line_1_33' title="bbox 243 3555 629 3623; baseline -0.01 -13"><span class='ocrx_word' id='word_1_261' title='bbox 243 3555 364 3621; x_wconf 72' lang='lat' dir='ltr'>,judiciis</span> <span class='ocrx_word' id='word_1_262' title='bbox 383 3555 629 3623; x_wconf 87' lang='lat' dir='ltr'>praescripserunt.</span> 
     </span>
    </p>

    <p class='ocr_par' dir='ltr' id='par_1_14' title="bbox 353 3623 1395 3693">
     <span class='ocr_line' id='line_1_34' title="bbox 353 3623 1395 3693; baseline 0 -13"><span class='ocrx_word' id='word_1_263' title='bbox 353 3626 508 3693; x_wconf 86' lang='lat' dir='ltr'>Subjectum</span> <span class='ocrx_word' id='word_1_264' title='bbox 524 3624 688 3692; x_wconf 89' lang='lat' dir='ltr'>judiciorum</span> <span class='ocrx_word' id='word_1_265' title='bbox 707 3628 752 3676; x_wconf 88' lang='lat' dir='ltr'>est</span> <span class='ocrx_word' id='word_1_266' title='bbox 766 3624 874 3690; x_wconf 87' lang='lat' dir='ltr'>justitia</span> <span class='ocrx_word' id='word_1_267' title='bbox 894 3631 921 3680; x_wconf 90' lang='lat' dir='ltr'>et</span> <span class='ocrx_word' id='word_1_268' title='bbox 939 3641 1014 3678; x_wconf 88' lang='lat' dir='ltr'>mens</span> <span class='ocrx_word' id='word_1_269' title='bbox 1030 3625 1129 3692; x_wconf 92' lang='lat' dir='ltr'>judicis</span> <span class='ocrx_word' id='word_1_270' title='bbox 1149 3631 1222 3680; x_wconf 88' lang='lat' dir='ltr'>recte</span> <span class='ocrx_word' id='word_1_271' title='bbox 1237 3623 1395 3692; x_wconf 83' lang='lat' dir='ltr'>judicantia.</span> 
     </span>
    </p>

    <p class='ocr_par' dir='ltr' id='par_1_15' title="bbox 348 3695 1445 3766">
     <span class='ocr_line' id='line_1_35' title="bbox 348 3695 1445 3766; baseline -0.002 -13"><span class='ocrx_word' id='word_1_272' title='bbox 348 3698 490 3765; x_wconf 89' lang='lat' dir='ltr'>Objectum</span> <span class='ocrx_word' id='word_1_273' title='bbox 509 3701 572 3750; x_wconf 89' lang='lat' dir='ltr'>sunt</span> <span class='ocrx_word' id='word_1_274' title='bbox 590 3696 650 3749; x_wconf 85' lang='lat' dir='ltr'>lites</span> <span class='ocrx_word' id='word_1_275' title='bbox 676 3700 757 3764; x_wconf 88' lang='lat' dir='ltr'>atque</span> <span class='ocrx_word' id='word_1_276' title='bbox 777 3697 985 3766; x_wconf 86' lang='lat' dir='ltr'>controversiae,</span> <span class='ocrx_word' id='word_1_277' title='bbox 1006 3713 1074 3766; x_wconf 88' lang='lat' dir='ltr'>quac</span> <span class='ocrx_word' id='word_1_278' title='bbox 1093 3697 1120 3750; x_wconf 94' lang='lat' dir='ltr'>in</span> <span class='ocrx_word' id='word_1_279' title='bbox 1135 3697 1246 3763; x_wconf 91' lang='lat' dir='ltr'>judiciis</span> <span class='ocrx_word' id='word_1_280' title='bbox 1272 3695 1445 3751; x_wconf 90' lang='lat' dir='ltr'>deciduntur.</span> 
     </span>
    </p>

    <p class='ocr_par' dir='ltr' id='par_1_16' title="bbox 250 3767 1445 3901">
     <span class='ocr_line' id='line_1_36' title="bbox 350 3767 1445 3838; baseline -0.001 -14"><span class='ocrx_word' id='word_1_281' title='bbox 350 3771 450 3824; x_wconf 88' lang='lat' dir='ltr'>Forma</span> <span class='ocrx_word' id='word_1_282' title='bbox 475 3774 517 3822; x_wconf 89' lang='lat' dir='ltr'>est</span> <span class='ocrx_word' id='word_1_283' title='bbox 542 3767 637 3821; x_wconf 88' lang='lat' dir='ltr'>modus</span> <span class='ocrx_word' id='word_1_284' title='bbox 664 3771 745 3835; x_wconf 87' lang='lat' dir='ltr'>atque</span> <span class='ocrx_word' id='word_1_285' title='bbox 771 3783 924 3838; x_wconf 88' lang='lat' dir='ltr'>processus,</span> <span class='ocrx_word' id='word_1_286' title='bbox 949 3769 995 3838; x_wconf 84' lang='lat' dir='ltr'>qui</span> <span class='ocrx_word' id='word_1_287' title='bbox 1020 3785 1054 3822; x_wconf 81' lang='lat' dir='ltr'>ex</span> <span class='ocrx_word' id='word_1_288' title='bbox 1080 3767 1138 3837; x_wconf 81' lang='lat' dir='ltr'>lege</span> <span class='ocrx_word' id='word_1_289' title='bbox 1168 3775 1195 3822; x_wconf 88' lang='lat' dir='ltr'>et</span> <span class='ocrx_word' id='word_1_290' title='bbox 1219 3767 1364 3834; x_wconf 88' lang='lat' dir='ltr'>cujuslibet</span> <span class='ocrx_word' id='word_1_291' title='bbox 1394 3768 1445 3823; x_wconf 88' lang='lat' dir='ltr'>fori</span> 
     </span>
     <span class='ocr_line' id='line_1_37' title="bbox 250 3838 821 3901; baseline -0.007 -4"><span class='ocrx_word' id='word_1_292' title='bbox 250 3841 445 3901; x_wconf 83' lang='lat' dir='ltr'>consuetudine</span> <span class='ocrx_word' id='word_1_293' title='bbox 464 3839 635 3894; x_wconf 85' lang='lat' dir='ltr'>introductus</span> <span class='ocrx_word' id='word_1_294' title='bbox 655 3838 821 3893; x_wconf 85' lang='lat' dir='ltr'>observatur.</span> 
     </span>
    </p>
   </div>
   <div class='ocr_carea' id='block_1_11' title="bbox 160 3911 1447 4086">
    <p class='ocr_par' dir='ltr' id='par_1_17' title="bbox 160 3911 1447 4086">
     <span class='ocr_line' id='line_1_38' title="bbox 350 3911 1447 3993; baseline -0.004 -15"><span class='ocrx_word' id='word_1_295' title='bbox 350 3923 426 3978; x_wconf 90' lang='lat' dir='ltr'>Finis</span> <span class='ocrx_word' id='word_1_296' title='bbox 445 3927 488 3975; x_wconf 87' lang='lat' dir='ltr'>est</span> <span class='ocrx_word' id='word_1_297' title='bbox 503 3921 579 3988; x_wconf 85' lang='lat' dir='ltr'>justa</span> <span class='ocrx_word' id='word_1_298' title='bbox 593 3919 693 3987; x_wconf 86' lang='lat' dir='ltr'>judicis</span> <span class='ocrx_word' id='word_1_299' title='bbox 713 3923 859 3993; x_wconf 86' lang='lat' dir='ltr'>sententia,</span> <span class='ocrx_word' id='word_1_300' title='bbox 880 3939 933 3993; x_wconf 86' lang='lat' dir='ltr'>que</span> <span class='ocrx_word' id='word_1_301' title='bbox 952 3939 1029 3976; x_wconf 89' lang='lat' dir='ltr'>suum</span> <span class='ocrx_word' id='word_1_302' title='bbox 1048 3921 1152 3990; x_wconf 87' lang='lat' dir='ltr'>cuique,</span> <span class='ocrx_word' id='word_1_303' title='bbox 1173 3913 1247 3976; x_wconf 78' lang='grc' dir='ltr'>κατά</span> <span class='ocrx_word' id='word_1_304' title='bbox 1269 3911 1303 3974; x_wconf 72' lang='lat' dir='ltr'>ab</span> <span class='ocrx_word' id='word_1_305' title='bbox 1327 3911 1447 3974; x_wconf 80' lang='grc' dir='ltr'>ἀντιπε·</span> 
     </span>
     <span class='ocr_line' id='line_1_39' title="bbox 160 3998 734 4086; baseline -0.007 -25"><span class='ocrx_word' id='word_1_306' title='bbox 160 4007 162 4012; x_wconf 82' lang='grc'><strong>’</strong></span> <span class='ocrx_word' id='word_1_307' title='bbox 251 3998 375 4086; x_wconf 38' lang='lat' dir='ltr'>ababa}</span> <span class='ocrx_word' id='word_1_308' title='bbox 400 4001 579 4072; x_wconf 85' lang='lat' dir='ltr'>aequabiliter·</span> <span class='ocrx_word' id='word_1_309' title='bbox 598 4001 734 4057; x_wconf 89' lang='lat' dir='ltr'>tribuitur.</span> 
     </span>
    </p>
   </div>
   <div class='ocr_carea' id='block_1_12' title="bbox 253 4111 1445 4282">
    <p class='ocr_par' dir='ltr' id='par_1_18' title="bbox 253 4111 1445 4282">
     <span class='ocr_line' id='line_1_40' title="bbox 351 4111 1443 4194; baseline -0.001 -16"><span class='ocrx_word' id='word_1_310' title='bbox 351 4115 397 4179; x_wconf 91' lang='lat' dir='ltr'>Ut</span> <span class='ocrx_word' id='word_1_311' title='bbox 421 4113 517 4178; x_wconf 88' lang='lat' dir='ltr'>finem</span> <span class='ocrx_word' id='word_1_312' title='bbox 536 4112 730 4192; x_wconf 88' lang='lat' dir='ltr'>jndiciorum</span> <span class='ocrx_word' id='word_1_313' title='bbox 754 4131 974 4194; x_wconf 88' lang='lat' dir='ltr'>assequamur,</span> <span class='ocrx_word' id='word_1_314' title='bbox 998 4129 1131 4177; x_wconf 89' lang='lat' dir='ltr'>necesse</span> <span class='ocrx_word' id='word_1_315' title='bbox 1152 4116 1202 4176; x_wconf 87' lang='lat' dir='ltr'>est</span> <span class='ocrx_word' id='word_1_316' title='bbox 1224 4111 1258 4175; x_wconf 92' lang='lat' dir='ltr'>id</span> <span class='ocrx_word' id='word_1_317' title='bbox 1281 4111 1443 4192; x_wconf 84' lang='lat' dir='ltr'>perlegis</span> 
     </span>
     <span class='ocr_line' id='line_1_41' title="bbox 253 4198 1445 4282; baseline -0.001 -17"><span class='ocrx_word' id='word_1_318' title='bbox 253 4202 410 4266; x_wconf 89' lang='lat' dir='ltr'>actionem</span> <span class='ocrx_word' id='word_1_319' title='bbox 432 4207 464 4266; x_wconf 91' lang='lat' dir='ltr'>et</span> <span class='ocrx_word' id='word_1_320' title='bbox 483 4201 600 4282; x_wconf 91' lang='lat' dir='ltr'>judicis</span> <span class='ocrx_word' id='word_1_321' title='bbox 616 4200 763 4277; x_wconf 86' lang='lat' dir='ltr'>officium,</span> <span class='ocrx_word' id='word_1_322' title='bbox 789 4209 940 4282; x_wconf 86' lang='lat' dir='ltr'>tanquam</span> <span class='ocrx_word' id='word_1_323' title='bbox 964 4219 1024 4282; x_wconf 87' lang='lat' dir='ltr'>per</span> <span class='ocrx_word' id='word_1_324' title='bbox 1047 4219 1178 4265; x_wconf 86' lang='lat' dir='ltr'>causam</span> <span class='ocrx_word' id='word_1_325' title='bbox 1197 4198 1279 4279; x_wconf 90' lang='lat' dir='ltr'>juris</span> <span class='ocrx_word' id='word_1_326' title='bbox 1303 4200 1445 4266; x_wconf 88' lang='lat' dir='ltr'>universi</span> 
     </span>
    </p>
   </div>
   <div class='ocr_carea' id='block_1_13' title="bbox 254 4287 1584 4380">
    <p class='ocr_par' dir='ltr' id='par_1_19' title="bbox 254 4287 1584 4380">
     <span class='ocr_line' id='line_1_42' title="bbox 254 4287 1584 4380; baseline 0.001 -29"><span class='ocrx_word' id='word_1_327' title='bbox 254 4287 457 4370; x_wconf 86' lang='lat' dir='ltr'>efficientem,</span> <span class='ocrx_word' id='word_1_328' title='bbox 490 4294 701 4371; x_wconf 88' lang='lat' dir='ltr'>praestemus.</span> <span class='ocrx_word' id='word_1_329' title='bbox 737 4289 828 4368; x_wconf 85' lang='lat' dir='ltr'>Quae</span> <span class='ocrx_word' id='word_1_330' title='bbox 862 4290 943 4370; x_wconf 81' lang='lat' dir='ltr'>legis</span> <span class='ocrx_word' id='word_1_331' title='bbox 979 4289 1063 4354; x_wconf 90' lang='lat' dir='ltr'>actio</span> <span class='ocrx_word' id='word_1_332' title='bbox 1097 4297 1132 4354; x_wconf 88' lang='lat' dir='ltr'>et</span> <span class='ocrx_word' id='word_1_333' title='bbox 1161 4287 1278 4369; x_wconf 88' lang='lat' dir='ltr'>judicis</span> <span class='ocrx_word' id='word_1_334' title='bbox 1312 4287 1451 4353; x_wconf 85' lang='lat' dir='ltr'>cilicium</span> <span class='ocrx_word' id='word_1_335' title='bbox 1549 4325 1552 4331; x_wconf 89' lang='lat'>·</span> <span class='ocrx_word' id='word_1_336' title='bbox 1583 4365 1584 4380; x_wconf 12' lang='grc' dir='ltr'>χ</span> 
     </span>
    </p>
   </div>
   <div class='ocr_carea' id='block_1_14' title="bbox 260 4375 1455 4549">
    <p class='ocr_par' dir='ltr' id='par_1_20' title="bbox 260 4375 1455 4549">
     <span class='ocr_line' id='line_1_43' title="bbox 260 4375 1455 4460; baseline -0.002 -19"><span class='ocrx_word' id='word_1_337' title='bbox 260 4377 436 4458; x_wconf 89' lang='lat' dir='ltr'>praecipue</span> <span class='ocrx_word' id='word_1_338' title='bbox 460 4378 601 4460; x_wconf 90' lang='lat' dir='ltr'>pertinet</span> <span class='ocrx_word' id='word_1_339' title='bbox 624 4377 665 4442; x_wconf 89' lang='lat' dir='ltr'>ad</span> <span class='ocrx_word' id='word_1_340' title='bbox 695 4379 915 4444; x_wconf 84' lang='lat' dir='ltr'>executionem</span> <span class='ocrx_word' id='word_1_341' title='bbox 945 4379 994 4443; x_wconf 89' lang='lat' dir='ltr'>rei</span> <span class='ocrx_word' id='word_1_342' title='bbox 1014 4376 1189 4458; x_wconf 79' lang='lat' dir='ltr'>judicatae.</span> <span class='ocrx_word' id='word_1_343' title='bbox 1226 4375 1291 4442; x_wconf 86' lang='lat' dir='ltr'>Res</span> <span class='ocrx_word' id='word_1_344' title='bbox 1310 4375 1455 4458; x_wconf 85' lang='lat' dir='ltr'>judicata</span> 
     </span>
     <span class='ocr_line' id='line_1_44' title="bbox 261 4463 1453 4549; baseline -0.003 -19"><span class='ocrx_word' id='word_1_345' title='bbox 261 4464 415 4549; x_wconf 86' lang='lat' dir='ltr'>pendete</span> <span class='ocrx_word' id='word_1_346' title='bbox 433 4466 609 4547; x_wconf 58' lang='lat' dir='ltr'>sententia</span> <span class='ocrx_word' id='word_1_347' title='bbox 635 4466 795 4531; x_wconf 88' lang='lat' dir='ltr'>sententia</span> <span class='ocrx_word' id='word_1_348' title='bbox 815 4487 834 4530; x_wconf 87' lang='lat' dir='ltr'>a</span> <span class='ocrx_word' id='word_1_349' title='bbox 849 4465 988 4546; x_wconf 90' lang='lat' dir='ltr'>judicio;</span> <span class='ocrx_word' id='word_1_350' title='bbox 1008 4464 1164 4545; x_wconf 87' lang='lat' dir='ltr'>judicium</span> <span class='ocrx_word' id='word_1_351' title='bbox 1181 4463 1279 4529; x_wconf 88' lang='lat' dir='ltr'>alitis</span> <span class='ocrx_word' id='word_1_352' title='bbox 1295 4469 1453 4530; x_wconf 87' lang='lat' dir='ltr'>contesta-</span> 
     </span>
    </p>
   </div>
   <div class='ocr_carea' id='block_1_15' title="bbox 0 0 1602 5010">
    <p class='ocr_par' dir='ltr' id='par_1_21' title="bbox 0 0 1602 5010">
     <span class='ocr_line' id='line_1_45' title="bbox 0 0 1602 5010; baseline 0 0"><span class='ocrx_word' id='word_1_353' title='bbox 0 0 1602 5010; x_wconf 95' lang='lat' dir='ltr'> </span> 
     </span>
    </p>
   </div>
  </div>
 </body>
</html>
