3196 5010
269 1374 489 1456 Sapientide,
526 1373 747 1456 amplissima,
780 1375 1018 1456 circumspectis
1053 1381 1086 1440 et
1120 1373 1360 1456 praestantibus

171 1509 256 1588 viris,
281 1510 335 1588 qui
350 1508 475 1590 Pragao
498 1509 614 1575 triurbi
637 1513 670 1573 et
693 1527 752 1590 per
776 1509 1036 1590 angustissimum
1052 1507 1203 1572 Boemiae
1225 1525 1359 1588 rognum
1442 1561 1445 1566 .

171 1649 275 1708 status
298 1645 399 1708 civilis
421 1643 587 1725 dignitate,
611 1642 862 1710 immunitatibus
886 1648 920 1706 et
945 1641 1120 1724 privilegiis
1145 1641 1362 1706 celeberrimis

172 1776 336 1856 fruantur,
370 1777 506 1842 dominis
538 1783 571 1842 et
593 1776 703 1842 amicis
726 1777 792 1840 suis
828 1792 898 1839 cum
922 1773 1128 1840 observantia
1149 1773 1363 1838 honorandis:

536 1909 679 1976 Salutem
703 1913 736 1973 et
759 1926 851 1973 omne
873 1909 1000 1974 bonum.

273 2161 433 2239 Quantum
450 2160 613 2226 societatis
628 2160 787 2226 humanae
808 2161 1016 2242 praesidium,
1042 2165 1194 2241 qnantum
1211 2161 1309 2226 decus
1332 2166 1366 2225 et

175 2263 427 2335 emolumentum.
440 2271 504 2335 sint
519 2271 619 2351 leges-
634 2289 674 2335 ex
689 2289 727 2335 eo
745 2270 879 2334 maxime
899 2276 1046 2350 apparot,
1064 2271 1146 2350 quod
1163 2271 1364 2336 lastinianus

175 2381 357 2463 Imperator
380 2401 441 2464 per
463 2381 535 2446 illas
558 2387 591 2446 et
614 2381 737 2446 divinas
760 2386 794 2444 et
815 2379 973 2444 humanas
997 2398 1050 2445 res
1073 2381 1155 2444 bone
1180 2380 1305 2462 disponi
1328 2401 1364 2446 ac

177 2511 301 2557 omnem
316 2493 531 2572 iniquitatem,
548 2498 666 2557 natura
678 2492 820 2572 jubente,
838 2493 966 2572 penitus
981 2489 1098 2572 expelli
1115 2490 1264 2558 affirmat.
1275 2493 1365 2557 Haec

177 2603 261 2666 enim
288 2604 476 2683 priusquam
502 2620 571 2666 earn
594 2602 689 2682 primi
712 2601 856 2666 homines
881 2601 1087 2681 offuscarunt
1112 2606 1145 2665 ot
1166 2599 1365 2666 honestatem

176 2714 271 2790 vitae,
296 2713 476 2793 nulliusque
509 2714 683 2778 laesionem
715 2719 749 2778 et
771 2730 907 2792 aequam
932 2733 969 2777 ac
993 2718 1226 2795 competentem
1251 2717 1366 2795 cuique

175 2822 360 2887 isonomiam
386 2824 455 2887 sine
476 2822 549 2887 ullis
565 2823 693 2904 scriptis
709 2823 833 2903 legibus
850 2822 973 2887 dictare
996 2823 1139 2904 solebat3
1163 2823 1210 2887 ita
1230 2829 1266 2888 ut
1281 2824 1367 2890 haud

178 2932 337 2996 immerito
368 2931 486 2998 dixerit
508 2930 626 2996 Paulus
650 2931 856 3011 Tharsensis
880 2949 936 2995 vas
964 2930 1041 2995 illud
1066 2931 1217 3011 electum,
1253 2937 1364 3012 gentes

178 3057 261 3119 qnae
282 3040 397 3120 legem,
421 3039 572 3104 videlicet
594 3041 758 3121 scriptam,
781 3058 845 3105 non
866 3038 997 3118 habent,
1021 3039 1213 3104 naturaliter
1229 3058 1267 3104 ca
1284 3059 1366 3120 quae

177 3149 258 3232 legis
274 3155 357 3230 sunt,
380 3150 499 3230 lacere,
515 3151 665 3232 ipsasque
683 3150 744 3215 sibi
765 3150 852 3230 leges
868 3167 949 3230 esse,
971 3167 1050 3229 opus
1064 3148 1144 3229 legis
1162 3149 1368 3214 ostendentes

180 3263 334 3343 scriptum
358 3262 390 3327 in
414 3262 564 3328 cordibus
587 3263 740 3343 ipsarum.

277 3370 348 3435 Non
365 3370 467 3435 solum
486 3376 591 3436 antem
609 3389 648 3435 ox
664 3371 737 3452 jure
753 3377 899 3451 naturae,
909 3390 1018 3436 verum
1036 3375 1069 3434 et
1083 3370 1146 3436 iam
1163 3372 1203 3436 ab
1221 3371 1367 3452 ipsoDeo

181 3481 365 3560 immortali,
390 3461 529 3562 glorioso
553 3486 587 3546 et
608 3502 627 3546 a
650 3481 748 3546 nihilo
772 3483 804 3547 in
820 3481 975 3547 infinitum
998 3481 1156 3562 elongato,
1178 3481 1370 3560 judiciorum

179 3593 257 3657 ordo
279 3591 436 3673 procedit.
460 3591 543 3656 Nam
565 3593 592 3657 is
614 3609 809 3673 cognoscens
826 3591 866 3656 de
886 3590 980 3673 lapsu
1000 3597 1182 3657 nostrorum
1202 3597 1371 3673 parentum

178 3702 317 3783 primum
345 3701 499 3781 judicium
528 3701 562 3766 in
584 3701 754 3784 paradiso,
783 3706 912 3766 servata
948 3702 1033 3766 omni
1062 3700 1252 3766 solennitate
1279 3702 1370 3781 juris,

179 3813 317 3893 peregit.
341 3811 420 3890 Quis
435 3833 465 3878 n.
483 3811 688 3893 inficiabitur,
707 3813 891 3878 citationem
908 3814 1016 3878 verbis
1030 3812 1080 3876 his
1101 3813 1231 3894 „Adam
1244 3813 1299 3877 ubi
1315 3803 1368 3876 es“

179 3924 412 4004 praemissam?
437 3923 673 3988 accusationem
701 3924 846 4004 „arboris
878 3924 997 3989 vetitae
1020 3923 1159 3989 fructum
1183 3915 1368 3990 comedisci“

181 4032 389 4096 institutam?
424 4033 649 4114 probationem
684 4034 777 4113 „quia
806 4033 870 4098 scis
900 4037 933 4098 te
963 4034 1083 4098 nudum
1112 4025 1202 4098 esse“
1229 4034 1371 4098 factam?

181 4140 270 4204 litem
286 4159 346 4221 per
362 4141 490 4205 modum
506 4142 686 4222 excipiendi
704 4142 837 4224 „mulier
856 4143 896 4206 de
907 4142 992 4223 ligno
1009 4144 1180 4208 interdicto
1197 4134 1367 4224 praebuit“

182 4251 418 4315 contestatam?
456 4256 489 4314 et
528 4250 657 4316 tandem
684 4251 893 4331 justissimam
924 4253 1134 4336 sententiam,
1165 4273 1227 4335 qua
1259 4253 1371 4333 Adam,

182 4362 252 4426 Eva
285 4368 319 4427 et
348 4379 482 4443 serpens
518 4363 719 4428 condemnati
751 4368 840 4443 sunt,
871 4363 1013 4445 legitimo
1044 4371 1077 4430 ot
1115 4365 1222 4429 debito
1262 4355 1374 4428 ordine

182 4491 253 4539 esse
279 4473 406 4538 latam?

1139 4573 1182 4644 1.
