3196 5010
692 400 746 453 11.
765 399 853 452 111111.
1334 408 1375 477 39

270 538 418 620 Nuptias
441 558 504 605 non
521 540 716 618 concubitus,
741 540 798 604 sed
814 559 987 608 consensus
1010 542 1097 622 facit,
1115 545 1169 622 qui
1185 544 1373 609 declaratur

159 645 224 706 per
264 627 375 691 verba
408 627 459 693 vel
493 629 674 708 praesentis
710 628 758 692 vel
787 629 885 693 futuri
919 630 1082 710 temporis.
1119 631 1154 696 Si
1184 651 1242 712 per
1272 633 1373 697 verba

158 715 211 777 fut
198 715 272 778 turi
300 717 469 798 temporie,
493 717 571 780 dicit
557 721 610 781 tur
633 716 837 797 promissum,
864 717 890 780 si
906 735 982 782 vero
999 737 1059 799 per
1072 721 1173 785 verba
1188 721 1374 800 praesentis

158 803 346 884 temporis
371 804 449 868 dicit
435 809 489 868 tur
512 809 712 869 contractum
737 805 984 884 matrimonium,
1017 808 1100 886 quod
1124 813 1197 889 post
1198 827 1238 873 ea
1260 826 1373 930 corpo·

157 910 238 956 rum
267 891 499 972 conjunctione
520 891 696 973 perficitur.

275 993 451 1074 Sponsalia
472 1013 507 1060 se
529 995 651 1060 habent
673 995 759 1059 circa
783 995 1016 1060 matrimonium
1040 1001 1077 1061 ut
1104 997 1264 1075 quoddam
1280 1013 1374 1077 prae·

166 1083 359 1148 ambulum.
377 1082 547 1164 sponsalia
559 1102 673 1164 nempe
688 1087 761 1148 sunt
773 1083 890 1146 mentio
907 1101 964 1148 seu
979 1086 1183 1164 repromissio
1198 1084 1376 1149 futurarum

166 1172 391 1253 nuptiarum;
416 1177 449 1236 et
465 1172 649 1236 dicuntura
673 1170 870 1252 spondendo,
887 1171 947 1236 hoc
971 1181 1031 1252 est,
1051 1173 1276 1254 promittendo,
1294 1173 1377 1252 quod

166 1261 280 1323 moris
303 1260 364 1323 fuit
379 1261 544 1325 veteribus
567 1260 726 1340 spondere
743 1260 802 1324 sibi
818 1277 934 1324 uxores
949 1259 1083 1340 1111111,
1106 1262 1190 1326 uude
1214 1267 1248 1325 et
1271 1263 1379 1342 sponsi

162 1365 384 1430 sponsaeque
409 1346 581 1428 appellatio
607 1352 657 1412 est
679 1353 765 1412 nata.
790 1348 880 1425 Quae
905 1349 1100 1431 quotuplicia
1124 1350 1197 1428 siut,
1220 1350 1376 1429 quomodo

164 1435 426 1514 contrahuntur,
450 1436 562 1500 tabula
585 1435 660 1501 huic
684 1435 790 1500 Titulu
814 1434 960 1513 subjecta
984 1437 1231 1502 demonstratur.

276 1537 472 1617 Nuptiarum
489 1537 647 1614 quaedam
664 1544 737 1603 sunt
759 1539 901 1620 illicitae,
918 1542 1077 1619 quaedam
1093 1541 1211 1606 licitae.
1235 1541 1372 1608 Illicitae

164 1631 261 1706 sunt,
292 1643 374 1704 quae
403 1623 632 1705 prohibentur:
662 1625 780 1705 Primo,
804 1627 929 1692 ratione
960 1630 1124 1711 sanguinis
1153 1631 1372 1695 1111111111-

164 1715 292 1780 dentes
329 1717 362 1778 et
384 1713 618 1777 descendentes
646 1713 678 1777 in
703 1713 877 1791 inlinitum
910 1717 984 1796 quia
1007 1736 1118 1782 omnes
1140 1723 1310 1798 parentum
1336 1736 1373 1781 ac

166 1803 355 1868 liberorum
379 1798 450 1866 loco
476 1807 561 1866 sunt.
584 1801 678 1867 Unde
695 1803 721 1866 si
737 1804 839 1867 Adam
862 1805 958 1870 hodie
976 1812 1142 1886 superstes
1166 1812 1262 1886 essct,
1240 1807 1375 1870 taliam

167 1909 313 1956 uxorem
337 1894 432 2040 ptraet
433 1908 470 1954 er
418 1889 593 1953 tEvam
617 1890 738 1954 habere
761 1909 825 1956 non
849 1897 968 1974 posset.
992 1893 1159 1973 Ejusmodi
1181 1895 1312 1974 nuptiae
1337 1896 1376 1959 de

167 1979 264 2045 lacto
291 1981 436 2045 conttrac
438 1995 487 2056 ae,
518 1976 595 2042 de
582 1996 656 2056 Jure
688 1979 798 2043 droun
784 1984 837 2044 ur
866 1981 1021 2060 nefariae,
1046 1983 1313 2064 quemadmodum
1342 1987 1375 2048 et

167 2072 355 2147 sequentes
377 1996 595 2131 incestuosaeJ

284 2168 438 2248 Secundo,
463 2172 515 2232 rat
516 2168 588 2233 ione
619 2171 906 2250 consanguinitatis
929 2172 1014 2237 inter
1045 2172 1247 2237 collaterales
1275 2189 1375 2252 usque

170 2258 216 2320 ad
243 2255 277 2322 4.
302 2257 436 2337 gradum
460 2255 623 2322 inclusive.

281 2361 403 2425 Harum
441 2364 475 2422 et
496 2358 758 2438 praecedentium
782 2360 965 2440 nuptiarum
1003 2359 1136 2425 effectus
1169 2367 1253 2443 sunt,
1289 2364 1374 2442 quod

172 2467 243 2514 non
268 2450 462 2529 reputantur
485 2465 544 2526 pro
570 2448 780 2526 matrimonio,
804 2466 863 2513 nec
887 2454 1042 2513 vocantur
1066 2449 1174 2512 mariti
1198 2454 1230 2514 et
1247 2469 1374 2529 uxores

173 2543 211 2602 et
236 2539 285 2602 sic
307 2554 411 2616 neque
435 2535 503 2614 dua,
537 2553 641 2613 neque
666 2535 796 2600 donatio
820 2540 954 2616 propter
982 2537 1111 2617 nuptias
1139 2537 1202 2601 illis
1225 2537 1374 2603 debetur.

175 2625 251 2690 lmo
275 2625 371 2690 liberi
400 2642 439 2690 ex
461 2623 500 2687 iis
524 2623 603 2687 editi
631 2642 694 2687 non
722 2625 850 2687 suntin
879 2629 1048 2704 parentum
1078 2630 1250 2705 potestate,
1280 2645 1375 2706 quum

176 2733 286 2798 neque
312 2712 486 2792 naturales,
510 2729 614 2790 neque
637 2711 769 2792 legitimi
792 2712 980 2791 habeantur,
1011 2713 1067 2776 sed
1092 2713 1205 2778 nefarii
1227 2721 1261 2779 ct
1289 2715 1374 2779 ince-

176 2802 283 2868 stuosi
299 2806 332 2866 et
355 2805 491 2881 paterna
517 2799 698 2864 hereditate
722 2800 853 2879 indigni.
878 2799 987 2865 Poena
1004 2801 1257 2866 contrahentium
1274 2803 1375 2867 dictas

177 2890 311 2972 nuptias
333 2896 384 2953 est
411 2886 594 2952 confiscatio
618 2889 757 2952 omnium
787 2888 952 2967 bonorum,
983 2889 1122 2968 privatio
1154 2890 1271 2971 cinguli
1301 2886 1376 2967 (hoc

178 2986 241 3059 est,
269 2969 461 3058 dignitatis),
492 2976 598 3039 missio
629 2976 822 3055 inexilium,
853 2977 935 3040 etsi
959 2978 1036 3041 viles
1065 2994 1223 3056 personae
1246 2977 1376 3056 fuerint,

178 3067 326 3147 corporis
350 3064 529 3144 castigatio.

283 3168 370 3232 Τ111
348 3171 403 3247 111,
424 3170 477 3230 111
478 3167 550 3232 1111
568 3164 706 3230 affinitat
657 3167 732 3230 tatis
748 3168 844 3247 primi
859 3167 988 3247 generis
1006 3165 1115 3231 similit
1102 3172 1152 3232 ter
1170 3166 1211 3231 ad
1227 3171 1323 3245 quart
1324 3187 1377 3231 um

179 3259 328 3340 gradum,
364 3254 448 3320 infra
483 3272 576 3334 quem
612 3255 679 3320 sine
712 3254 878 3334 dispendio
910 3255 1035 3319 animae
1071 3273 1133 3320 non
1169 3259 1278 3336 potest
1308 3256 1378 3335 quis

179 3345 333 3426 copulari.
413 3366 418 3375 ¹

284 3433 361 3497 Tria
392 3433 466 3496 suut
494 3446 615 3509 genera
639 3429 774 3494 11111111
726 3430 819 3495 ttis:
845 3430 987 3494 Primum
1013 3434 1072 3510 est,
1102 3431 1186 3509 quod
1215 3430 1377 3494 mediante

182 3540 247 3586 una
271 3538 412 3602 persona
435 3517 653 3596 contraditum
678 3535 817 3599 persona
841 3520 924 3582 enim
947 3519 1058 3583 addita
1085 3537 1244 3599 personae
1274 3523 1378 3582 mutat

182 3628 283 3691 genus
308 3606 530 3688 attingendae,
554 3613 739 3671 nouantem
763 3607 908 3687 gradum,
934 3612 984 3671 ut:
1008 3607 1077 3687 Ego
1094 3612 1150 3671 aut
1169 3606 1271 3671 frater
1287 3625 1377 3672 meus

180 3716 291 3762 sumus
326 3694 554 3774 consanguinei
590 3695 623 3758 in
658 3695 761 3774 primo
797 3695 899 3774 gradu
934 3695 1237 3774 consanguinitatis;
1274 3693 1377 3759 frater

181 3805 270 3850 meus
295 3785 383 3850 ducit
405 3799 554 3862 uxorem,
579 3783 633 3847 illa
648 3788 698 3846 ast
713 3800 851 3862 persona
874 3783 984 3847 addita
1008 3801 1066 3863 per
1091 3784 1235 3863 copulam
1260 3783 1375 3861 carnis,

180 3879 214 3939 et
244 3878 345 3938 ruutat
375 3888 485 3953 genus,
524 3869 556 3933 id
589 3874 647 3951 ast,
680 3871 741 3934 alio
771 3888 892 3951 genere
926 3871 1042 3934 attinet
1073 3871 1159 3950 mibi,
1192 3871 1265 3949 quia
1296 3889 1377 3934 uxor

181 3963 235 4026 illa
260 3966 310 4027 est
325 3960 403 4025 mihi
426 3958 539 4034 affinis,
562 3957 665 4022 irater
682 3977 757 4023 vero
775 3964 824 4022 est
847 3959 924 4022 mihi
941 3959 1206 4037 consanguineus.
1232 3959 1375 4023 Gradum

182 4055 375 4114 autemnon
398 4051 516 4124 mutat3
541 4047 634 4110 sicuti
657 4047 741 4110 enim
764 4046 868 4110 irater
892 4052 942 4110 est
974 4046 1050 4110 mihi
1081 4047 1112 4108 in
1143 4045 1246 4127 primo
1271 4047 1375 4125 gradu

87 4136 88 4141 ’
182 4137 478 4218 consanguinitatis,
510 4135 557 4197 ita
580 4141 613 4198 et
634 4133 690 4198 illa
711 4139 764 4198 est
787 4134 863 4198 mihi
887 4135 919 4198 in
943 4132 1173 4222 primugradu
1196 4132 1372 4198 1111111111.

280 4237 462 4304 Secundum
491 4251 590 4316 genus
618 4233 783 4299 affinitatis
806 4241 865 4313 est,
899 4234 1026 4314 quando
1050 4234 1153 4314 primo
1180 4235 1291 4314 generi
1327 4241 1377 4299 est

182 4325 293 4390 addita
317 4326 381 4389 1111
403 4341 542 4406 persona
564 4341 624 4404 per
647 4323 753 4387 carnis
777 4321 932 4405 cupidam,
957 4327 993 4386 ut
1014 4340 1094 4386 uxor
1117 4321 1226 4388 fratris
1242 4322 1304 4387 mei
1327 4327 1377 4387 est

182 4414 258 4478 mihi
280 4415 311 4479 in
335 4413 438 4494 primo
455 4430 576 4494 genere
593 4409 759 4489 affinitatis
778 4410 909 4491 juncta;
927 4413 1052 4475 mortuo
1068 4409 1169 4476 fratre
1186 4428 1268 4491 meu,
1293 4411 1376 4476 adde
