3260 5018
294 412 359 480 238
816 412 951 466 Stranskii

285 550 426 612 Berones
457 555 532 612 sunt
559 553 711 626 tanquam
743 547 869 629 patriae
898 555 1007 629 patres
1035 550 1208 630 praelecti3
1239 549 1372 614 militiae
1394 565 1475 614 vero

283 637 441 716 equestris
479 635 606 715 studiis,
651 653 811 701 armorum
849 640 1052 715 tractationi,
1096 636 1212 703 finibus
1255 636 1477 716 defendendis,

282 724 427 788 hostibus
457 744 477 789 a
510 722 611 789 limite
640 725 800 804 arcendis
834 726 988 805 pacisque
1016 727 1163 808 publicae
1191 724 1412 792 turbatoribus
1445 730 1479 790 et

284 817 437 893 acceptae
473 831 492 877 a
526 811 700 891 majoribus
735 813 896 878 libertatis
936 814 1105 894 legumque
1141 814 1349 879 violatoribus
1386 811 1476 878 ierro

283 900 479 979 coercendis,
503 901 639 979 Equites
655 899 808 966 destinati
827 895 866 979 ¹);
891 903 976 966 vitae
993 903 1131 982 denique
1147 901 1312 968 commode
1328 901 1476 980 agendae

283 988 397 1052 urediis
420 987 653 1070 comparandis,
678 990 876 1053 commerciis
900 991 1110 1069 quaestuosis
1145 988 1477 1071 negotiationibusque

284 1076 447 1155 quibusvis
481 1076 630 1141 curandis
665 1094 704 1140 ac
738 1075 872 1157 opificiis
905 1077 1065 1142 discendis
1097 1077 1193 1143 Cives
1225 1075 1375 1143 instituti.
1410 1077 1477 1140 Ea·

285 1171 417 1244 propter
443 1164 661 1230 habitantibus
692 1166 827 1244 sparsim
858 1167 891 1229 in
920 1167 1057 1246 arcibus,
1089 1166 1238 1244 castellis,
1272 1163 1362 1243 villis,
1397 1181 1479 1243 ager

285 1253 434 1328 ttojernus
468 1253 647 1317 Beronibus
680 1252 836 1332 primunr,
875 1259 910 1318 et
942 1258 1056 1333 postea
1089 1254 1261 1332 Equitibus
1296 1268 1423 1330 quoque
1458 1271 1478 1316 a

285 1340 473 1422 Nezamyslo
505 1342 648 1420 principe
677 1341 885 1421 proportione
901 1343 1113 1421 geometrica
1144 1342 1204 1407 fuit
1227 1339 1420 1404 distributus
1443 1345 1479 1404 et

285 1446 432 1492 manuum
456 1434 653 1494 mortuarum
677 1427 743 1492 sive
767 1428 950 1494 colonorum
973 1428 1086 1508 glebae
1110 1430 1346 1509 adscriptorum
1367 1434 1477 1491 certus

285 1535 434 1580 numerus
459 1517 562 1595 datus
593 1522 628 1581 ut
651 1515 781 1581 abducti
803 1537 823 1582 a
846 1516 975 1582 solicitis
998 1517 1030 1581 in
1055 1518 1241 1597 quaerenda
1267 1533 1303 1580 re
1325 1513 1480 1580 familiari

285 1604 556 1684 occupationibus,
585 1622 654 1669 cum
679 1604 868 1670 famulitium
891 1607 998 1685 operis
1019 1606 1225 1688 praestandis
1247 1604 1480 1681 necessarium,

285 1699 352 1755 tum
386 1691 575 1772 ordinarios,
611 1693 664 1772 qui
699 1692 783 1756 vitae
818 1693 997 1759 meulenter
1031 1696 1171 1760 tuendae
1202 1691 1323 1757 affatim
1358 1699 1479 1769 essent,

286 1780 410 1844 reditus
433 1797 471 1844 ac
493 1788 667 1861 proventus
689 1780 763 1846 inde
779 1780 912 1858 habere,
936 1787 969 1846 et
991 1801 1051 1863 pro
1071 1784 1236 1847 vocatione
1259 1781 1392 1860 quisque
1407 1797 1480 1856 sua,

271 1869 480 1948 reipublicae
497 1870 714 1949 principisque
727 1869 776 1932 sui
789 1869 961 1935 commodis
974 1870 1143 1951 invigilare
1156 1871 1214 1934 toti
1226 1871 1366 1950 possent.
1390 1867 1478 1931 Civi-

286 1957 345 2020 bus
357 1975 444 2036 vero,
470 1961 629 2036 utcunque
645 1957 769 2021 occulta
785 1963 818 2022 et
833 1960 925 2036 quasi
938 1957 1034 2024 insita
1046 1959 1132 2039 apud
1145 1958 1344 2024 nobilitatem
1356 1955 1479 2020 invidia

286 2045 515 2124 despicatuque
530 2044 751 2123 flagrantibus
774 2049 883 2109 tamen
906 2050 942 2110 ut
964 2047 1107 2111 membro
1124 2043 1364 2110 Communitatis
1383 2043 1479 2120 regni

285 2133 407 2213 Bojemi
423 2133 588 2212 insigniori
604 2124 640 2208 ²),
665 2150 704 2197 ac
720 2133 805 2212 quod
820 2131 947 2197 firmum
964 2134 1105 2200 tuendae
1121 2133 1300 2215 principum
1311 2130 1479 2210 dignitatis

285 2220 421 2285 fulcrum
446 2239 575 2300 semper
597 2225 647 2285 est
670 2220 823 2300 habitum,
848 2222 934 2286 etin
960 2241 1022 2302 quo
1042 2222 1109 2302 jam
1134 2221 1208 2286 olim
1232 2220 1352 2301 primas
1371 2218 1480 2282 solent

285 2316 397 2374 tenere
409 2308 569 2389 permulti,
591 2310 643 2387 qui
655 2310 774 2373 virtute
787 2315 821 2372 et
831 2311 1078 2389 impensionibus
1089 2311 1121 2373 in
1133 2309 1255 2389 Regem
1268 2312 1365 2386 atque
1379 2307 1478 2371 Rem-

286 2396 445 2476 publicam
463 2397 586 2476 studiis,
612 2396 814 2478 splendorem
832 2397 893 2461 sibi
908 2399 1051 2476 equestri
1067 2397 1136 2462 loco
1153 2415 1215 2462 non
1232 2395 1331 2459 multo
1346 2393 1480 2459 inferio·

289 2503 358 2548 rem
385 2491 623 2564 compararunt,
647 2485 821 2564 generique
844 2502 900 2549 suo
924 2504 962 2550 ac
976 2487 1157 2568 posteritati
1180 2484 1275 2563 omni,
1299 2503 1339 2548 ex
1353 2483 1480 2563 Regum

287 2570 504 2638 munificentia
515 2569 646 2648 ἐπίσημα
657 2573 724 2636 sive
737 2570 876 2636 familiae
889 2573 1026 2652 insignia
1038 2573 1213 2654 peculiaria
1221 2574 1480 2654 promeruerunt,

287 2665 320 2724 et
350 2660 402 2738 qni
435 2662 560 2740 legibus
588 2662 705 2725 nostris
732 2651 758 2739 ³)
784 2660 911 2743 panerio
933 2661 997 2726 dici
1016 2662 1180 2741 jubentur,
1211 2661 1283 2725 loca
1305 2658 1481 2723 condendis

287 2748 422 2812 urbibus
435 2756 616 2830 opportuna
628 2753 702 2813 sunt
716 2747 888 2827 assignata,
913 2750 1231 2828 immunitatibusque
1243 2745 1481 2828 praerogativis

286 2841 320 2900 et
335 2839 592 2917 exernptionibus
608 2836 774 2915 permultis
791 2842 915 2914 ornata,
933 2837 965 2902 in
981 2838 1105 2917 quibus,
1120 2837 1275 2902 adversus
1292 2835 1354 2898 vim
1370 2837 1480 2897 exter·

290 2941 363 2987 nam
389 2925 587 2990 curnrnunitis
610 2924 681 3000 tuti,
705 2925 803 2988 larem
821 2923 931 3004 ligere,
957 2927 1123 3004 augendae
1148 2924 1346 2990 commerciis
1363 2936 1478 3000 quaes-

287 3017 387 3090 tuque
417 3010 549 3077 boncsto
580 3013 627 3076 rei
649 3010 797 3076 l'amiliari
827 3031 958 3093 operam
982 3013 1071 3093 darc,
1100 3011 1226 3093 opificia
1249 3008 1416 3075 mandaria
1445 3011 1482 3071 et

285 3101 431 3165 lucrosus
454 3118 671 3181 operosasque
703 3099 841 3179 cujusvis
871 3101 1000 3180 generis
1030 3107 1117 3165 artes
1146 3117 1310 3176 exercere,
1340 3095 1481 3178 principi

288 3188 426 3266 denique
455 3206 493 3252 ex
524 3195 658 3268 quaestu
689 3205 746 3252 suo
778 3205 931 3253 canonem
963 3205 1102 3254 annuum
1131 3188 1163 3252 in
1193 3186 1303 3251 fiscum
1331 3184 1479 3264 pendere

287 3282 419 3356 possent
435 3282 532 3356 atque
545 3277 597 3356 jus
613 3275 781 3341 haberent.
808 3274 962 3340 Felicitan
982 3277 1088 3355 cessit,
1112 3274 1261 3354 utilisque
1280 3271 1480 3354 reipublicae

286 3381 481 3444 magnopere
514 3364 588 3428 olim
619 3363 678 3428 fuit
701 3363 931 3444 Nenamyslaea
961 3363 1040 3428 baec
1064 3363 1230 3429 ordinatio.
1263 3361 1391 3426 Etenim
1413 3364 1481 3422 tam

288 3454 373 3516 cives
386 3451 531 3530 ordoque
546 3457 705 3531 equester,
730 3469 823 3530 quam
837 3469 990 3532 proceres
1003 3450 1140 3516 officium
1156 3451 1294 3516 solerter
1306 3448 1480 3524 faciebant,

287 3540 464 3620 principem
505 3539 663 3614 colebant,
697 3540 835 3618 patriam
871 3541 1047 3618 ornabant,
1083 3537 1210 3604 colonos
1241 3538 1375 3617 quisque
1404 3551 1482 3600 suos

288 3627 448 3706 amabant,
479 3627 658 3692 ministeria
688 3627 728 3690 ab
758 3627 807 3705 iis
838 3646 964 3708 operas,
996 3627 1293 3707 praestationesque
1323 3627 1480 3700 caeteras

287 3715 412 3780 nonnisi
438 3715 623 3780 moderatas
651 3715 823 3793 exigentes.
856 3714 945 3792 Quae
968 3721 1138 3779 tamenne
1162 3714 1322 3793 gratuitae
1346 3727 1480 3792 prorsus

286 3810 395 3868 essent
420 3803 468 3868 vel
492 3821 588 3867 manu
611 3802 711 3866 invita
734 3808 989 3882 praestarentur,
1015 3801 1119 3886 agelli,
1150 3820 1189 3866 ex
1213 3817 1274 3881 quo
1297 3800 1359 3882 ipsi
1381 3797 1480 3864 etiam

288 3890 390 3955 coloni
414 3909 482 3956 rem
505 3910 565 3972 pro
589 3909 624 3956 se
648 3889 838 3954 familiarem
861 3897 993 3970 possent
1017 3907 1214 3970 comparare,
1245 3887 1479 3968 portiunculam

272 3979 402 4059 ‚cuique
419 3980 458 4044 de
474 3997 531 4044 suu
548 3978 765 4058 assignabant.
790 3978 877 4044 Lene
893 3979 990 4057 igitur
1012 3981 1079 4042 tum
1096 3995 1133 4040 ac
1155 3994 1313 4057 perquam
1329 3973 1478 4039 modera-

287 4074 354 4131 tum
377 4073 449 4131 erat
471 4069 555 4132 sicut
577 4066 732 4147 principis
754 4066 786 4130 in
811 4066 1019 4142 nubilitatem,
1044 4065 1089 4130 ita
1107 4063 1282 4130 nubilitatis
1297 4064 1331 4128 in
1349 4067 1479 4141 agreste

290 4155 402 4234 vulgus
426 4156 603 4236 imperium.
628 4153 720 4231 Quod
742 4173 820 4220 vero
844 4171 995 4234 proceres
1024 4158 1255 4232 equestresque
1285 4150 1378 4232 hujus
1407 4149 1480 4212 aevi

298 4291 490 4300 ——-

388 4360 411 4422 ¹)
432 4359 533 4423 llagcc.
553 4359 602 4410 sub
623 4373 683 4412 ann.
704 4362 765 4425 678,
779 4360 839 4424 720,
852 4359 913 4415 752.
950 4356 976 4424 ²)
995 4355 1479 4424 Wladisl.Reg.Decis.ann.1502,

286 4431 311 4494 §.
332 4434 355 4486 l.
394 4429 419 4496 ³)
437 4430 487 4482 lus
507 4443 555 4480 seu
575 4429 689 4484 Constit.
708 4430 793 4497 regni,
812 4429 845 4481 A.
867 4430 907 4486 15.
