3196 5010
577 469 631 530 Tit.
646 471 708 530 VII.
728 479 756 529 91
773 471 849 532 vm.
1253 473 1294 546 19

196 605 250 671 De
284 607 366 675 Jure
388 609 580 676 Provinciali
610 609 816 690 procuratori
850 628 909 691 pro
945 615 1070 678 actione
1105 613 1292 694 injuriarum

100 695 297 776 persolvitur
327 718 390 764 una
424 718 489 765 sex.
519 718 568 779 gr.
598 703 631 762 et
658 716 718 780 pro
748 697 873 762 actione
904 701 1068 766 servitutis
1102 702 1293 767 interdictae

101 783 228 848 dimidia
252 802 314 850 sex
336 805 384 866 gr.
409 789 494 852 dicta
518 788 562 853 iit.
596 787 630 852 U.
656 777 709 869 4.)

194 873 258 937 Η19
285 893 413 954 quoque
435 877 609 940 notandum
633 881 683 939 est
705 873 843 938 edictum
867 877 1028 956 praetoris
1051 878 1205 942 adversus
1228 896 1294 954 eoa,

100 959 150 1038 qui
171 979 232 1042 pro
259 962 335 1026 aliis
358 964 524 1044 postulare
552 963 771 1044 probibentur.
804 963 896 1040 Quod
925 964 1064 1029 edictum
1095 985 1114 1029 9
1142 971 1295 1046 praetore

99 1051 293 1129 proponitur
306 1051 476 1117 habendae
487 1052 623 1116 rationis
635 1069 776 1128 suaeque
790 1052 954 1132 dignitatis
969 1053 1107 1117 tuendae
1120 1061 1154 1117 et
1170 1055 1295 1118 decoris

100 1136 147 1198 sni
176 1155 297 1218 causa,
331 1157 371 1204 ne
402 1141 469 1204 sine
500 1140 626 1204 delectu
655 1139 774 1220 passim
803 1141 890 1220 apud
921 1157 956 1203 se
989 1142 1216 1222 postularetur.
1251 1142 1295 1205 Et

99 1224 217 1305 excipit
232 1227 265 1290 in
283 1245 323 1291 eo
340 1245 450 1291 sexum
467 1233 563 1307 atque
580 1245 706 1291 casum:
732 1224 858 1308 Sexum,
880 1227 954 1292 dum
970 1229 1124 1294 foeminas
1148 1229 1297 1310 probibet.

98 1329 155 1391 pro
180 1314 255 1380 aliis
271 1316 454 1394 postulare;
472 1321 504 1379 et
520 1320 570 1380 est
583 1315 668 1380 ratio
684 1315 885 1395 prohibendi,
909 1334 949 1380 nc
973 1321 1086 1382 contra
1110 1317 1294 1397 pudicitiam

100 1402 187 1464 sexui
211 1407 457 1484 congruentem,
481 1404 594 1468 alienis
616 1405 721 1468 causis
743 1422 777 1467 se
799 1404 1009 1484 immisceant,
1035 1412 1067 1469 et
1090 1423 1129 1468 ne
1154 1405 1297 1470 virilibus

100 1487 211 1552 ol'ticiis
227 1491 406 1571 fungantur
424 1493 589 1570 mulieres3
614 1486 719 1572 (origo
736 1509 812 1555 vero
828 1492 1013 1557 introducta
1028 1499 1078 1557 cst
1100 1511 1120 1555 a
1135 1493 1295 1571 Carfania,

104 1575 154 1638 alii
166 1578 360 1658 Alphurnia,
381 1580 618 1660 improbissima
633 1579 783 1658 foemina,
801 1597 882 1659 quae
895 1580 1112 1645 inverecunde
1132 1581 1298 1661 postulans

106 1667 137 1725 et
162 1667 393 1745 magistratum
423 1669 613 1747 inquietans,
642 1685 770 1732 causam
800 1668 889 1732 dedit
912 1665 1041 1748 edicto).
1073 1669 1199 1747 Casum,
1224 1670 1297 1733 dum

108 1768 244 1834 coecum,
271 1755 419 1834 utrisque
443 1756 612 1820 luminibus
629 1757 786 1834 orbatum,
810 1760 844 1820 et
858 1755 937 1820 alios
961 1748 1149 1834 (dequibus
1172 1758 1204 1821 in
1227 1757 1298 1836 lege

107 1839 260 1922 allegata)
286 1851 423 1923 praetor
446 1843 581 1924 repellit.

201 1960 296 2012 Causa
305 1959 424 2013 efficiens
436 1965 639 2026 procuratorem
647 1967 689 2014 est
700 1959 857 2028 principalis
866 1976 991 2028 persona,
1002 1977 1070 2028 quae
1082 1977 1141 2014 eum
1152 1961 1299 2014 constituit.

202 2031 364 2097 SubJ'ectum
383 2037 425 2084 est
443 2032 599 2084 mandatum
617 2033 834 2098 procuratorium
854 2037 880 2084 et
897 2031 1026 2099 obligatio
1055 2034 1082 2084 in
1108 2048 1139 2085 eo
1163 2038 1299 2085 contenta.

206 2103 354 2169 Objectum
373 2109 415 2155 est
433 2119 475 2155 res
494 2104 549 2156 sive
569 2119 692 2172 persona,
711 2105 739 2156 in
754 2104 857 2170 judicio
878 2102 1053 2158 defendenda.

108 2243 128 2294 P
203 2175 309 2302 {origia
328 2179 378 2243 est,
397 2181 428 2227 ut
447 2175 482 2227 91
501 2171 606 2227 lucrum
625 2182 652 2228 ct
672 2176 798 2228 damnum
817 2175 903 2242 partis
923 2175 1103 2228 constituatur
1132 2174 1177 2239 (B.
1197 2178 1238 2232 35.
1252 2176 1302 2228 Jus

129 2262 183 2298 mv.
201 2287 281 2369 Finis
292 2247 351 2383 Jest,
376 2321 405 2367 ut
424 2332 472 2382 per
497 2285 701 2384 procuratorem
721 2317 910 2371 constituentis
936 2324 1027 2384 partes
1045 2333 1099 2370 non
1120 2318 1208 2370 minus
1228 2335 1259 2371 ac
1279 2321 1302 2372 si

109 2385 165 2451 ipse
186 2388 309 2456 adesset,
328 2387 473 2452 injudicio
494 2388 681 2445 defendantur.

331 2508 342 2578 f
672 2508 737 2562 facti
768 2508 882 2575 specics,
907 2511 938 2558 ut
963 2506 997 2559 de
1022 2505 1094 2559 facto
1122 2524 1222 2561 causae
1251 2509 1301 2562 sibi

602 2582 669 2633 bene
688 2585 801 2634 constet.
823 2580 910 2644 Saepe
924 2578 993 2630 enim
1006 2577 1059 2630 levi
1077 2580 1226 2632 variatione
1239 2579 1302 2632 facti

602 2658 688 2706 totum
703 2651 749 2718 jus
769 2651 868 2704 mutari
888 2655 985 2716 potest.

675 2740 737 2775 num
751 2723 834 2775 cliens
846 2721 879 2773 de
898 2720 1038 2787 probando
1051 2719 1124 2773 facto
1137 2718 1299 2772 sufficientes

604 2795 779 2862 probationes
819 2794 927 2846 habeat.
969 2792 1068 2844 Parum
1097 2791 1166 2843 enim
1194 2791 1304 2857 expedit

605 2867 705 2920 habere
720 2866 775 2934 jus,
795 2865 858 2917 dum
879 2863 969 2917 deficit
987 2863 1112 2930 probatio
1127 2863 1205 2928 juria.

677 2944 707 2989 ut
726 2955 786 2989 cum
806 2935 979 3003 peritioribus
1004 2935 1037 2988 de
1063 2949 1147 2986 causa
1166 2933 1298 2988 consulat.

608 3009 685 3077 Quod
704 3009 774 3062 enirn
797 3025 813 3060 a
832 3007 955 3073 pluribus
982 3006 1127 3074 qtracritur·,
1145 3004 1173 3058 id
1195 3003 1302 3057 facilius

607 3081 751 3134 invenitur.

387 2687 540 2754 cognitione

355 2774 462 2826 causae,
474 2759 502 2810 in
513 2773 569 2826 qua

363 2829 560 2896 consideratur,

439 2907 488 2953 9111
584 2865 597 3146 Ι

159 3042 286 3096 Officium
331 3007 343 3182 ἔ

118 3111 238 3168 advocati
260 3131 322 3168 con-

163 3187 237 3238 sistit
256 3186 284 3238 in

610 3294 780 3348 adversarius
798 3294 918 3360 juvetur.

681 3381 715 3418 nc
760 3363 920 3432 vituperium
959 3364 1049 3429 potius
1085 3378 1164 3428 quam
1200 3360 1307 3415 laudem

609 3443 755 3490 (1191991111.
1168 3485 1171 3488 .

681 3523 714 3560 119
741 3507 841 3575 aliquid
863 3522 928 3558 suae
945 3520 1044 3558 causae
1063 3503 1227 3557 corrtrarium
1241 3499 1307 3553 alle·

611 3587 664 3648 get.
691 3579 768 3647 Quod
794 3579 864 3630 enirn
890 3578 955 3630 vitio
982 3576 1106 3630 advocati
1125 3580 1151 3627 et
1170 3591 1223 3626 non
1243 3573 1306 3625 vitio

611 3667 709 3705 causae
738 3650 854 3718 obvenit,
889 3666 938 3715 pro
968 3664 999 3700 eo
1029 3646 1175 3700 advocatus
1203 3651 1311 3697 tenetur

612 3723 656 3791 (B.
677 3720 950 3790 3131191991.
973 3719 1005 3772 U.
1026 3718 1063 3784 7.)

373 3517 468 3563 caveat
482 3509 563 3563 advo·

385 3367 548 3450 tractatione

361 3454 469 3506 occisae,
483 3455 511 3490 111
522 3454 576 3506 qua

340 3397 354 3786 Ι
429 3587 514 3649 eatae,

583 3229 596 3610 1
680 3239 713 3275 119
747 3222 811 3290 quid
844 3220 1043 3274 inconsiderate
1077 3217 1215 3286 proferat,
1254 3234 1306 3284 quo

191 3976 252 4048 De
279 3975 511 4048 dilationibus
537 3999 596 4046 scu
621 3970 795 4053 induciis,
824 3969 872 4043 od
898 3967 1167 4042 deliberandum
1197 3966 1250 4036 oei

424 4073 655 4170 probandum
675 4069 842 4168 portibus
867 4066 1007 4141 (1991111.

586 4212 856 4314 praelusum.

224 4386 305 4464 Quia
327 4384 434 4450 libello
463 4388 595 4463 recepto
628 4383 723 4446 datur
753 4380 863 4444 dilatio
893 4378 934 4443 ad
958 4375 1209 4454 deliberandum,
1240 4374 1313 4438 idco

132 4476 212 4538 recte
234 4476 307 4540 binc
331 4473 371 4538 19
394 4471 600 4536 dilationibus
624 4468 794 4535 videndum
818 4470 879 4531 est.

1076 4560 1124 4628 2.
