3260 5018
539 435 706 504 Respublica
724 434 846 506 Bojema.
866 439 933 504 Cap.
952 437 999 494 Xl.
1300 441 1364 510 239

174 573 331 656 plerique,
351 575 481 639 colonos
496 592 579 653 suos,
604 579 718 654 erepta
732 575 771 639 iis
786 575 914 655 penitus
930 574 1013 638 omni
1030 577 1182 654 querelae
1201 578 1362 658 facultate,

174 663 379 728 acerbissimo
392 663 555 728 dorninatn
569 663 747 742 asperrime
760 681 797 726 ac
810 664 1004 742 impotenter
1012 663 1174 743 divexare,
1186 667 1364 730 immodicis

174 751 446 831 praestationibus
476 751 696 816 exorbitantes
723 769 870 830 gravare,
901 750 1165 832 inhumaniusque
1197 773 1259 819 non
1288 773 1363 819 raro

174 857 268 918 quam
298 838 441 918 jumenta
472 844 614 904 tractare
648 839 726 902 nihil
761 840 854 918 pensi
889 838 1023 903 habent:
1061 841 1092 903 id
1121 841 1248 907 hercle!
1285 851 1318 907 et
1345 863 1364 907 a

174 925 358 1006 Nezamysli
391 932 497 991 mente
534 933 569 991 et
603 943 622 988 a
651 944 740 991 more
771 927 877 1006 prisco
912 931 946 991 et
976 927 1017 991 ab
1051 927 1250 995 humanitate
1279 933 1365 995 omui

175 1013 411 1092 alienissimum,
451 1015 635 1091 barbarum,
681 1015 808 1094 publice
854 1015 1062 1094 pernitiosum
1109 1035 1146 1080 ao
1190 1024 1364 1099 propteroa

172 1102 298 1182 legibus
314 1103 528 1167 coercendum
542 1109 576 1167 et
591 1102 632 1168 ad
646 1103 899 1167 moderationem
913 1103 1130 1180 benigniorem
1144 1107 1361 1170 reducendum

174 1191 291 1254 merito
315 1195 374 1254 est.
407 1191 458 1254 Sic
489 1192 564 1269 quia
593 1185 626 1248 τὸ
651 1185 840 1266 καπηλεύειν,
864 1191 1095 1269 cauponatione
1118 1193 1245 1275 virere,
1273 1194 1361 1259 lucro

174 1279 384 1357 quaestuique
411 1279 551 1358 inhiare,
584 1281 666 1343 siout
695 1284 828 1359 recepto
859 1278 944 1357 apud
973 1279 1092 1343 vicinas
1124 1288 1237 1360 gentes
1277 1302 1363 1347 more

173 1365 371 1445 legibusque,
396 1366 557 1431 nohilitati
577 1367 785 1433 interdictum
803 1361 842 1443 ¹),
866 1368 913 1430 ita.
936 1366 1014 1432 viris
1038 1371 1167 1446 generis
1191 1371 1363 1450 splendore

174 1453 439 1518 antecedentibus
462 1455 648 1519 indecorum
673 1460 706 1519 et
728 1454 887 1520 illiberale
911 1469 982 1518 essa
1000 1455 1185 1521 videbatur:
1211 1459 1283 1523 ideo
1300 1479 1362 1523 non

174 1541 268 1604 modo
292 1548 470 1620 magnates,
508 1561 615 1606 verum
641 1549 674 1607 et
696 1542 845 1609 nobilitas
869 1543 970 1606 omnis
1002 1544 1043 1607 ab
1072 1544 1104 1607 id
1127 1565 1228 1624 geraus
1251 1548 1364 1611 studiis

174 1646 308 1710 prorsus
331 1635 381 1692 cst
396 1634 530 1708 remota,
555 1648 593 1694 ac
609 1631 769 1694 institoria
786 1647 994 1709 quaecunque
1011 1633 1131 1696 civibus
1147 1635 1225 1698 solis
1239 1636 1363 1720 relicta.

174 1717 224 1780 Ex
248 1717 319 1796 agri
343 1717 470 1795 quidem
493 1717 724 1797 hortorumque
748 1717 876 1783 cultura
898 1719 947 1782 rci
969 1718 1134 1784 familiaris
1163 1725 1364 1788 accessiones

174 1805 293 1881 facere,
318 1803 434 1868 Ordini
456 1806 534 1871 nulli
551 1805 623 1886 lege
640 1813 689 1871 est
711 1806 934 1877 interdictum:
960 1807 1019 1870 sed·
1033 1814 1263 1889 praeterquam
1279 1813 1364 1892 quod

175 1892 351 1958 nobilitatis
375 1911 455 1972 ager
477 1895 618 1978 ariopagi,
647 1895 761 1958 civium
791 1911 868 1958 vero
899 1885 1026 1973 (loquor
1049 1896 1089 1960 de
1113 1900 1269 1979 personis,
1301 1919 1362 1964 rron

176 1981 216 2045 dc
240 1976 532 2060 communitatibus)
561 1982 656 2066 ioony'
678 1982 748 2046 fere
772 1989 832 2056 est,
858 1983 1041 2046 indecorum
1067 2001 1103 2047 ac
1127 1985 1210 2048 inira
1233 1989 1364 2052 trrdiuis

175 2074 323 2132 natiuarn
354 2070 563 2148 existimatur,
600 2071 627 2133 si
652 2089 691 2134 ex
714 2070 881 2134 nobilitate
905 2071 977 2148 quis
999 2072 1126 2136 rusticis
1150 2075 1182 2137 id
1207 2093 1308 2154 genus
1331 2077 1363 2139 in

175 2156 301 2220 cultura
323 2157 387 2222 ista
409 2159 600 2222 necessariis
625 2159 732 2238 operis
755 2176 789 2222 se
812 2157 967 2236 defatiget
988 2159 1066 2238 ipse.
1096 2160 1206 2225 Oculis
1230 2165 1363 2243 quisque

175 2263 244 2308 eam
280 2245 313 2307 in
348 2263 458 2309 curam
483 2245 627 2324 vigilans,
663 2248 769 2310 vernis
799 2247 865 2310 suis
888 2246 939 2310 rel
966 2247 1087 2311 colonis
1121 2266 1158 2312 ac
1189 2252 1363 2315 rrreritoriis

174 2349 254 2412 opus
276 2331 336 2395 boc
359 2333 507 2412 imperat.
533 2332 586 2398 Sic
602 2333 688 2414 apud
705 2340 842 2412 veteres,
859 2334 970 2398 hortos
994 2337 1114 2400 sevisse
1136 2335 1238 2417 Cyrus
1256 2331 1292 2419 ²),
1317 2342 1362 2403 sic

175 2420 301 2498 Attalus
311 2419 497 2499 Hieronque
513 2413 548 2500 ³),
562 2423 608 2485 sic
616 2422 832 2486 Romanorum
848 2422 1063 2487 nobilissimus
1080 2423 1213 2504 quisque
1229 2418 1252 2506 ⁸)
1267 2445 1363 2506 agros

173 2508 358 2572 exercuisse
381 2509 539 2586 leguntur.

272 2597 310 2660 V.
347 2596 502 2660 Ordinum
532 2597 596 2662 ista
633 2597 795 2662 distinctio
827 2597 914 2677 leges
938 2615 1064 2678 quoque
1088 2596 1194 2679 gentis
1218 2601 1362 2666 diversas

170 2681 238 2760 jam
262 2683 336 2748 olim
360 2685 497 2765 peperit.
530 2685 577 2748 De
601 2685 700 2762 Regis
730 2703 862 2749 assensu
893 2704 965 2750 suas
995 2687 1057 2751 sibi
1079 2688 1206 2767 rogavit
1233 2707 1270 2752 ac
1294 2688 1363 2754 lixit

172 2771 261 2851 leges
280 2777 318 2835 'et
336 2772 413 2851 Jura
434 2771 603 2852 Nobilitas,
628 2791 702 2836 suas
720 2773 874 2838 Civitates
885 2764 929 2853 5);
953 2781 1172 2855 regrmturque
1196 2777 1360 2856 hactenus

173 2865 209 2922 ut
232 2859 292 2922 bae
317 2861 399 2938 suia,
424 2861 470 2925 ita
493 2858 548 2923 illa
572 2879 697 2940 quoque
721 2862 802 2941 suis,
835 2868 868 2925 et
892 2868 942 2925 est
966 2865 1108 2942 utrisque
1132 2864 1278 2942 liberum,
1303 2884 1361 2946 pro

173 2965 209 3011 re
233 2952 326 3026 nata,
359 2947 512 3027 Regeque
537 2950 681 3026 conscio,
713 2949 753 3013 de
779 2949 941 3014 voluntate
971 2968 1009 3014 oc
1033 2969 1189 3015 consensu
1221 2953 1360 3034 publico,

172 3033 307 3115 legibus,
332 3036 417 3114 quod
433 3054 512 3117 opus
528 3037 684 3116 videatur,
710 3037 760 3101 vel
776 3038 898 3102 addere
920 3038 969 3102 vel
986 3038 1159 3104 detrahere
1175 3033 1209 3119 ⁰).
1234 3042 1359 3106 Abhor-

172 3123 238 3186 ruit
262 3123 411 3188 videlicet
440 3142 519 3204 gens
550 3123 631 3188 haec
662 3143 790 3206 semper
822 3123 934 3210 ajune
963 3127 1198 3197 inGermania
1232 3131 1360 3207 usitato,

173 3229 234 3274 nec
257 3212 289 3275 ei
312 3229 346 3274 se
369 3230 509 3291 unquam
534 3213 631 3297 voluit
654 3213 841 3278 submittere
862 3211 896 3293 ⁷).
930 3213 989 3278 Jus
1014 3215 1097 3294 quod
1121 3215 1287 3282 Nobilitati
1312 3223 1368 3280 est

172 3298 343 3378 scriptum,¹
361 3299 532 3364 Terrestre
549 3301 654 3364 serius
670 3318 764 3379 quam
778 3301 987 3380 Provinciae,
1004 3303 1087 3383 quod
1101 3304 1232 3383 civibus
1256 3305 1360 3369 Muni-

172 3385 285 3466 cipalc,
324 3386 441 3451 Prdco
479 3387 627 3467 Zemabd,
665 3388 780 3452 Ρνάυα
818 3389 972 3469 Mdctsbd,
1012 3395 1153 3455 vocatur.
1194 3393 1243 3457 Ob
1277 3393 1361 3472 juris

173 3475 395 3540 diversitatem
418 3476 523 3555 istam,
549 3494 638 3540 suurn
656 3475 755 3540 habet
772 3476 876 3542 forum
889 3478 1057 3556 Nobilitas,
1081 3497 1172 3542 suum
1197 3480 1359 3544 Civitates.

173 3560 273 3638 Quam
298 3562 363 3627 late
388 3569 495 3628 autem
520 3582 590 3627 cum
614 3565 817 3646 provincialis
847 3572 913 3630 tum
943 3567 1142 3646 municipalis
1173 3569 1289 3632 codicis
1312 3571 1359 3632 vis

172 3667 244 3714 sese
272 3651 441 3731 extendat,
474 3657 506 3716 et
531 3652 644 3732 quibus
667 3653 700 3715 in
724 3654 842 3732 causis,
873 3655 954 3718 sicut
986 3654 1134 3718 civitates
1164 3656 1359 3734 provinciali,

172 3736 217 3802 ita
250 3737 400 3802 nobilitas
435 3740 619 3820 municipali
651 3738 725 3817 jure
760 3741 909 3821 alligetur
945 3733 1149 3816 (altercatum
1184 3745 1268 3807 enim
1300 3745 1360 3807 hac

173 3843 298 3904 quoque
322 3827 362 3890 de
385 3845 422 3890 re
445 3828 625 3907 perniciose
650 3828 766 3907 diuque
784 3829 857 3894 olim
875 3824 948 3908 luit)
973 3831 1075 3910 pactis
1092 3829 1359 3896 Sueto-Wacsla-

172 3913 273 3978 vianis
288 3903 380 3990 (aaa.
400 3905 505 3994 1517)
523 3915 642 3979 diserte
660 3919 1100 3983 estoautum.1ntereavero
1121 3919 1208 3983 Ordo
1226 3921 1359 3998 quisque

170 4000 257 4066 inter
280 4019 314 4065 se
339 4003 403 4066 suis
433 4003 530 4066 etiam
560 4008 690 4068 tenetur·
719 4005 883 4071 institutis,
908 4007 1008 4084 Quem
1039 4008 1183 4070 Barones
1206 4008 1290 4071 inter
1314 4027 1359 4084 se,

171 4105 265 4168 quem
289 4090 436 4169 Equites⁷
459 4096 524 4154 tarn
550 4091 665 4157 Ordini
689 4094 821 4172 quisque
851 4113 907 4158 suo
931 4096 999 4173 toti,
1034 4113 1129 4173 quam
1154 4095 1358 4176 singulorum,

270 4310 294 4375 ¹)
315 4309 380 4366 Cod.
393 4311 452 4363 Lib.
466 4315 492 4379 4,
511 4313 552 4366 tit.
566 4315 609 4379 63,
628 4310 644 4366 l.
658 4315 682 4368 3.
721 4311 746 4373 ²)
766 4311 891 4379 Xenoph.
906 4313 933 4365 in
950 4314 1048 4368 Oecon.
1087 4315 1111 4381 ³)
1132 4313 1219 4368 Varro
1236 4319 1258 4371 l.
1278 4314 1310 4367 de
1330 4331 1358 4368 rc

170 4379 282 4448 rrrstica,
301 4397 362 4448 cap.
383 4386 407 4438 1.
444 4379 469 4448 ⁴)
490 4383 573 4438 Cicer.
593 4383 620 4435 in
640 4383 697 4436 Cat.
714 4383 779 4450 Mai.
818 4381 842 4450 ⁵)
862 4385 1019 4448 M.llanicl.
1032 4385 1142 4439 Calend.
1163 4386 1197 4439 ad
1212 4386 1244 4440 V.
1262 4385 1358 4440 Octob.

170 4449 197 4516 ⁶)
217 4451 267 4504 Jus
287 4452 410 4508 Provine.
429 4452 459 4509 Z.
477 4459 495 4511 4
514 4461 541 4507 et
559 4457 608 4509 dus
628 4454 758 4522 Municip.
777 4455 810 4510 T.
830 4459 872 4513 13.
908 4456 933 4524 ἵ)
953 4458 1048 4512 Cernit.
1069 4473 1132 4512 ann.
1153 4461 1229 4516 1557.
