3260 5018
518 442 686 512 Respublica
704 442 824 509 Bojerua.
844 443 909 510 (lap.
932 442 1007 498 XIII.
1295 446 1355 515 251

164 584 216 651 id.
232 585 317 664 quod
344 583 451 662 etiam,
484 588 521 649 ut
548 584 685 665 primunr
715 584 913 649 commodum
942 582 1060 661 vident,
1091 601 1206 662 magno
1231 583 1362 648 Ordinis

170 673 310 738 universi
322 672 555 751 referendario,
570 671 760 737 cancellario
773 688 889 751 nempe
897 671 1163 750 Praguchteris
1177 677 1361 751 perorante,

170 761 203 824 in
226 761 358 826 concilio
382 760 542 839 frequenti
564 761 694 825 faciunt.

269 849 306 912 V.
331 848 462 913 Collatis
486 848 517 912 in
541 849 625 913 hunc
655 850 782 914 modum
807 847 964 912 Ordinum
992 847 1159 912 sententiis
1188 847 1359 913 voluntati·

170 937 294 1016 busque
308 936 495 1016 conjunctis
508 937 687 1016 concipitur
700 956 737 1002 ac
751 937 871 1015 scripto
885 935 1168 1016 comprehenditur
1175 936 1361 1002 reddendae

170 1024 252 1102 Regi
264 1025 481 1106 responsionis
492 1025 637 1090 formula.
662 1024 771 1107 Stylus
786 1024 838 1088 hic
854 1025 1016 1089 consuevit
1032 1023 1179 1090 adhiberi
1195 1020 1356 1100 παρ’ῥησια·

169 1105 264 1180 ςικός,
298 1119 333 1177 ut
365 1113 399 1177 iu
432 1113 481 1191 iis,
517 1131 599 1192 quae
628 1113 696 1177 Rex
731 1113 889 1194 proponit,
925 1104 1103 1189 ὁψιγορικὸε,
1139 1114 1275 1192 ideoque
1305 1112 1359 1176 ille

168 1201 343 1280 popularis
374 1201 425 1266 hic
449 1202 568 1281 regius.
604 1200 693 1280 Quae
724 1200 890 1282 responsio
920 1219 991 1266 cum
1013 1199 1100 1266 iacta
1124 1206 1274 1267 accurato
1293 1200 1359 1280 jam

168 1289 273 1352 estin
297 1295 455 1370 promptu,
479 1290 600 1355 abeunt
627 1290 660 1353 in
684 1290 806 1370 regiam
838 1309 877 1354 ex
907 1289 1032 1354 comitio
1056 1289 1160 1371 Regni
1184 1287 1357 1354 Senatores

167 1381 202 1439 et
232 1395 303 1442 oum
332 1379 372 1441 iis
400 1395 440 1442 ex
471 1377 645 1442 Ordinibus
682 1378 822 1456 singulis
857 1375 940 1442 banc
970 1376 1120 1444 videlicet
1151 1380 1184 1442 iu
1218 1396 1288 1441 rem
1321 1377 1361 1440 ab

171 1463 302 1528 Ordinis
318 1465 367 1530 sui
392 1465 585 1546 primoribus
609 1466 725 1530 delecti
748 1466 939 1546 complures,
961 1483 1096 1545 eamque
1120 1467 1202 1546 Regi
1226 1483 1360 1530 venera·

170 1551 269 1616 bundi
293 1554 439 1618 offerunt.
469 1553 518 1617 Ea
540 1553 609 1619 Rex
632 1560 776 1634 accepta,
806 1559 840 1618 et
862 1553 1020 1618 lecturum
1045 1573 1127 1634 quae
1151 1553 1359 1634 respondent,

170 1647 204 1702 et
235 1643 354 1723 scripto
390 1659 424 1706 se
454 1647 662 1722 posteaquam
699 1641 934 1721 deliberaverit,
971 1643 1047 1721 quid
1083 1643 1123 1706 de
1158 1643 1198 1708 iis
1233 1642 1361 1706 sentiat.

172 1728 412 1794 declaraturum
422 1729 548 1809 recipit.
573 1731 789 1810 Exspectatur
810 1731 919 1809 itaque
944 1729 1075 1795 biduum
1099 1732 1287 1812 plerumque
1312 1729 1361 1792 vel

169 1815 322 1893 triduum,
347 1817 421 1881 duur
445 1818 523 1895 Rex,
549 1824 584 1882 ut
606 1819 734 1899 placeat
756 1817 932 1898 responsio,
958 1819 1110 1885 declaret.
1142 1818 1203 1898 Qui
1227 1817 1361 1898 cognitis

170 1921 253 1982 quae
283 1906 322 1970 de
352 1906 522 1984 postulatis
553 1906 762 1972 comitialibus
791 1904 900 1971 iacere
928 1906 1027 1970 velint
1058 1909 1206 1986 Ordines,
1243 1906 1362 1986 scripto

170 1982 336 2073 (replicem
352 1992 480 2072 vocant)
504 2011 586 2074 quae
611 1995 769 2075 placeant,
794 2013 876 2074 qnae
900 1995 1101 2075 displiceant,
1126 1994 1359 2074 complectitur,

169 2079 267 2159 idque
301 2099 361 2161 per
395 2086 545 2146 evocatos
580 2082 622 2146 ad
656 2101 690 2148 se
727 2081 829 2162 Regni
866 2081 1047 2164 Optimates
1082 2082 1214 2149 concilio
1253 2082 1360 2148 mittit.

170 2166 314 2247 Legitur,
342 2170 545 2250 expenditur,
571 2170 751 2249 discutitur,
780 2189 818 2235 ac
851 2188 921 2234 eum
953 2173 1159 2252 responsione
1190 2169 1362 2249 diligenter

168 2255 332 2321 confertur
365 2257 458 2337 regia
491 2259 554 2322 ista
589 2259 765 2339 replicatio.
801 2258 1016 2338 Excussisque
1050 2258 1219 2324 momentis
1252 2276 1358 2322 rerum

169 2345 314 2410 omnibus
338 2349 372 2410 et
396 2345 519 2410 collatis
542 2345 644 2410 denuo
673 2349 705 2411 in
732 2345 870 2411 medium
894 2346 1071 2427 sententiis,
1103 2348 1140 2412 fit
1162 2345 1360 2412 comitiorum

168 2429 342 2510 decretum,
377 2435 428 2498 cui
462 2433 494 2497 in
529 2435 720 2514 scripturam
755 2433 932 2512 redigendo
966 2435 1152 2514 deliguntur
1183 2433 1290 2500 statim
1323 2453 1360 2497 ex

169 2518 292 2584 Ordine
324 2538 512 2601 unoquoque
541 2520 766 2602 prudentiores
797 2521 933 2602 aliquot,
964 2541 1028 2586 une
1059 2542 1131 2588 cum
1160 2521 1358 2588 Primicerio.

167 2604 258 2684 Quod
283 2627 354 2672 crim
378 2609 590 2689 conscriptum
614 2617 672 2690 est,
697 2610 814 2691 legitur
837 2610 973 2675 formula
997 2629 1104 2676 coram
1126 2610 1295 2686 universis,
1329 2614 1362 2671 et

167 2701 323 2775 rogentur
345 2697 463 2762 iterum
487 2699 677 2762 sententiam
701 2716 821 2777 omnes
847 2704 882 2763 ut
903 2699 931 2766 si
954 2698 1030 2778 quid
1053 2700 1086 2764 in
1109 2718 1149 2764 ea
1165 2698 1360 2776 desiderent,

169 2790 358 2862 proponant.
381 2785 564 2850 Audiuntur
580 2805 699 2865 omnes,
723 2787 922 2866 formulaoue
938 2793 1003 2851 tam
1028 2788 1082 2852 diu
1104 2788 1240 2864 limatur,
1266 2804 1359 2866 quem

169 2871 222 2934 diu
238 2872 314 2935 nihil
331 2879 488 2952 occurrat,
509 2873 592 2952 quod
609 2875 819 2954 castigatione
837 2875 982 2940 videatur
998 2892 1106 2956 egere.
1131 2877 1201 2940 Hoc
1217 2881 1360 2955 peracto,

166 2959 352 3024 renuntiant
367 2961 448 3040 Regi
466 2961 646 3041 Optimates
662 2964 776 3042 Regni,
802 2981 873 3029 esse
893 2964 960 3041 jam
984 2962 1101 3028 iactum
1126 2963 1166 3028 ab
1185 2962 1359 3028 Ordinibus
1446 3033 1450 3043 ,

168 3047 366 3112 comitiorum
377 3049 719 3132 decretum,orareque
728 3051 984 3117 Ordinesomnes
994 3071 1089 3132 prece
1100 3051 1356 3128 submississima,

168 3140 204 3198 ut
218 3135 287 3199 Rex
311 3137 342 3200 in
367 3137 528 3201 comitium
554 3137 627 3201 velit
650 3141 758 3204 venire
775 3158 812 3204 ec
829 3139 951 3204 decreti
968 3140 1176 3219 publicationi
1191 3140 1358 3204 interesse.

165 3222 212 3285 Re
236 3223 306 3288 Rex
329 3225 467 3303 cognite,
495 3227 606 3289 eodem
632 3226 802 3307 splendore
826 3229 925 3306 regio,
954 3229 1067 3292 eadem
1090 3248 1214 3309 pompa,
1241 3226 1352 3292 eodem

167 3309 330 3390 comitatu,
367 3332 428 3392 quo
463 3313 503 3376 ad
534 3315 783 3395 propositionem
818 3316 974 3381 edendam
1009 3316 1171 3396 veniebat,
1207 3316 1247 3379 ad
1275 3315 1357 3378 hunc

167 3402 271 3461 actum
295 3419 419 3479 quoque
446 3403 538 3467 venit.
563 3402 622 3480 Qui
647 3421 717 3467 cum
739 3405 826 3468 inter
848 3404 949 3469 laetos
965 3403 1073 3485 populi
1096 3406 1196 3468 omnis
1211 3402 1358 3466 fremitus

165 3486 279 3564 reguli,
312 3507 368 3567 pro
399 3506 498 3568 more,
530 3491 677 3555 consedit
705 3491 791 3568 solio,
822 3491 984 3572 descripta
1013 3510 1095 3571 pure
1119 3510 1157 3555 ac
1184 3489 1358 3570 legibiliter

124 3607 130 3618 ι
165 3572 323 3640 formulae
346 3575 543 3657 exemplaria
566 3578 683 3643 dantur
702 3571 737 3657 ¹),
761 3579 843 3658 Regi
858 3597 955 3643 unum
971 3584 1004 3642 et
1018 3578 1192 3644 Ordinibus
1208 3578 1356 3656 alterum,

167 3662 326 3728 extortio
351 3681 425 3728 vero
450 3666 632 3745 publicatur
647 3668 832 3746 patentibus
856 3667 974 3733 comitii
989 3667 1121 3746 foribus,
1145 3686 1184 3730 ex
1205 3671 1357 3746 suggestu

167 3769 186 3812 a
214 3749 317 3830 Regni
346 3751 558 3818 Vise-Scriba
587 3754 706 3819 factum
735 3773 849 3820 recens
879 3755 1078 3820 comitiorum
1108 3754 1283 3819 decretum.
1314 3754 1358 3817 Rt

167 3837 227 3901 hoc
243 3839 401 3920 absoluto,
426 3841 524 3920 quiid
541 3843 659 3906 tabulis
672 3843 776 3922 Regni
792 3843 832 3908 de
845 3844 942 3922 Regis
958 3842 1178 3922 Ordinumque
1196 3843 1359 3906 voluntate
1403 3897 1404 3900 ,

164 3924 300 4004 ‚iubeant
314 3928 424 4008 inseri,
442 3930 482 3993 ad
499 3929 628 3994 Arcbivi
644 3931 801 4010 custodes
822 3951 861 3996 ex
883 3932 1060 3996 nobilitatis
1077 3930 1198 3995 Ordine
1221 3937 1358 4008 utroque

166 4009 324 4093 (quamvis
360 4017 673 4084 obmurmurantibus
707 4019 898 4100 quandoque
932 4020 1131 4094 Civitatibus
1166 4022 1200 4083 et
1232 4018 1264 4082 in
1298 4019 1357 4082 boc

166 4119 299 4166 numero
316 4105 365 4169 sui
389 4123 513 4185 quoque
531 4106 661 4171 Ordinis
677 4105 826 4186 delectos,
851 4127 941 4172 more
966 4108 1050 4188 apud
1066 4107 1204 4186 maj0res
1227 4105 1357 4186 usitato,

165 4191 324 4257 interesse
358 4194 479 4259 debere
517 4190 773 4274 sternentibus),
819 4196 923 4261 nuntii
958 4195 1170 4262 destinantur.
1212 4193 1359 4261 Peractis

166 4278 305 4361 denique
327 4279 415 4348 hisce
438 4282 583 4347 omuibus
607 4288 641 4347 et
660 4282 740 4348 actis
758 4285 902 4363 concilio,
926 4285 966 4350 de
990 4288 1118 4350 servato
1134 4284 1215 4361 Regi
1238 4282 1357 4350 honore

167 4417 359 4424 ——-.---——

267 4479 289 4546 ¹)
310 4478 406 4533 Comit.
426 4495 488 4534 ann.
509 4483 586 4538 1545,
