3188 5008
505 455 849 525 rn.xxv11‚‚xxv1n.
870 457 1017 514 11111111,
1106 519 1107 522 1
1314 461 1355 530 55

262 589 352 642 Causa
365 588 484 642 efficiens
498 587 707 655 publicationem
727 589 942 644 testimoniorum
962 598 1005 644 est
1021 591 1116 660 judex,
1138 597 1215 645 actor
1237 597 1265 644 et
1286 606 1356 659 reus,

162 667 190 713 et
208 661 342 715 notarius

265 731 420 799 Subjcctum
446 738 487 785 est
512 729 553 783 vel
578 732 677 784 veritas
703 731 745 785 vel
771 733 878 788 falsitas
902 750 1012 803 causae,
1037 749 1106 802 quae
1131 749 1180 800 per
1205 731 1359 788 testimonia

162 803 306 868 probatur.

265 876 407 943 Objectum
426 880 489 928 sunt
508 871 652 928 affirmatio
672 876 772 930 actorIs
793 884 819 930 et
837 877 946 945 negatio
964 878 1012 933 rei.

264 948 365 1002 Forma
384 952 448 999 sunt
466 945 652 1014 solennitates
672 963 741 1015 quae
759 949 786 1001 in
806 954 869 1002 actu
888 948 1081 1015 publicationis
1100 954 1251 1004 servantur.

265 1019 341 1072 Finis
369 1026 418 1086 est,
446 1025 477 1070 ut
506 1017 569 1070 inde
589 1017 675 1084 judex
706 1018 739 1072 de
763 1020 877 1073 veritate
908 1037 1007 1075 causae
1039 1021 1190 1074 instruatur
1214 1027 1242 1074 et
1266 1027 1358 1090 partes

161 1098 341 1158 cognoscant,
359 1095 450 1142 utrum
469 1089 538 1141 bene
557 1089 598 1142 vel
617 1091 687 1143 male
705 1098 800 1144 contra
819 1107 848 1144 se
867 1091 908 1145 vel
928 1108 980 1158 pro
1001 1109 1029 1146 se
1048 1091 1130 1145 fuerit
1149 1095 1358 1160 testatumque

166 1161 276 1216 valeant
295 1161 390 1215 deinde
410 1165 505 1215 contra
524 1160 707 1227 depositiones
727 1162 836 1215 testium
856 1168 904 1216 aut
921 1177 1052 1230 personas
1071 1178 1163 1217 comm
1183 1163 1314 1233 excipere.

311 1342 374 1414 Dc
400 1338 610 1438 ollepntc'onc
636 1355 667 1414 11
692 1341 933 1440 disputatione
958 1346 1220 1417 advocatorum.

589 1503 755 1568 Titulus
776 1499 928 1570 XXVIII.

266 1639 417 1703 Testibus
453 1637 626 1717 publicatis
657 1644 690 1703 et
713 1638 859 1704 omnibus
883 1639 1034 1719 peractis,
1060 1656 1142 1717 quae
1173 1637 1215 1701 ad
1238 1637 1357 1704 facturn
1454 1627 1459 1642 '

164 1731 324 1808 spectant,
345 1726 429 1805 juris
453 1726 698 1806 allegationibus
722 1730 756 1790 et
773 1725 1043 1808 disputationibus
1065 1725 1275 1791 insistendum
1300 1732 1357 1792 est.

264 1816 413 1894 Allcgare
437 1831 495 1878 seu
519 1815 685 1895 disputare
709 1815 741 1879 in
764 1812 844 1894 foro,
877 1821 926 1880 est
948 1815 1157 1880 intentionem
1187 1832 1276 1878 suam
1299 1833 1360 1896 per

165 1903 375 1984 probationes
409 1902 442 1966 in
473 1901 629 1980 judicium
661 1901 816 1967 deductas
848 1903 1030 1982 ostendere,
1068 1907 1101 1967 et
1132 1920 1204 1966 eam
1232 1903 1359 1983 juribus

165 2008 356 2055 asseverare
381 2009 418 2054 ac
440 1991 608 2056 roborare.

263 2077 454 2158 Hujusmodi
478 2076 687 2158 allegationes
711 2096 749 2143 ac
765 2077 997 2159 disputationes
1011 2077 1083 2143 fieri
1107 2097 1204 2159 super
1219 2077 1357 2144 testibus

163 2170 199 2230 et
223 2166 371 2244 actitatis
397 2167 524 2230 omnino
548 2171 598 2230 est
620 2166 847 2231 necessarium.

264 2254 480 2334 Allegationes
514 2253 594 2319 liunt
627 2255 688 2318 hoc
723 2253 852 2319 ordine:
890 2255 1017 2318 Actoris
1046 2254 1220 2320 advocatus
1254 2256 1358 2336 primo

163 2344 308 2421 opponIt,
333 2359 416 2422 quae
440 2343 481 2406 ad
505 2343 554 2405 sui
578 2342 703 2406 clientis
727 2343 937 2407 intentionem
957 2341 1131 2421 juvandam
1165 2343 1356 2408 1111111111-

164 2429 242 2492 dam
276 2430 393 2494 viderit
427 2429 589 2511 expedire.
638 2431 764 2495 Deinde
800 2430 849 2494 rei
883 2431 1074 2509 advocatus,
1111 2430 1357 2510 allegationibus

163 2517 342 2597 respondet
364 2536 423 2597 per
447 2519 533 2583 dicta
558 2519 698 2597 testium,
730 2519 757 2583 si
779 2517 909 2599 poterit,
941 2518 1136 2583 destruendo
1168 2519 1358 2602 allgatioues

163 2606 295 2684 actoris
326 2606 375 2669 vel
408 2624 467 2686 per
492 2623 698 2684 quascunque
722 2607 801 2670 alias
825 2607 1043 2686 probationes,
1073 2606 1217 2686 allegans
1239 2626 1299 2688 pro
1323 2626 1357 2673 se

159 2694 246 2772 jura,
272 2695 413 2758 rationes
445 2698 478 2756 et
512 2695 667 2773 exempla.
699 2696 835 2758 Densum
865 2696 892 2759 si
915 2700 1006 2758 actor
1034 2694 1171 2759 voluerit
1198 2695 1357 2776 replicare

165 2788 282 2846 contra
305 2781 523 2862 allegationes
547 2782 642 2845 datur
665 2782 710 2845 illi
732 2782 911 2863 replicatio,
935 2786 969 2846 et
991 2781 1140 2863 similiter
1163 2802 1219 2848 reo
1244 2801 1356 2849 conce-

162 2871 252 2935 ditur
268 2869 435 2950 triplicure
451 2875 484 2934 et
501 2870 691 2949 quaudoque
707 2870 953 2950 quadruplicare
971 2870 1081 2936 actori.
1105 2871 1210 2936 Judex
1231 2872 1359 2937 iuterim

162 2959 328 3038 pattenter
363 2958 535 3022 advocatos
560 2957 658 3037 audit,
694 2958 796 3022 donec
831 2960 908 3023 nibil
943 2958 1072 3038 habent,
1109 2959 1192 3039 quod
1225 2960 1359 3041 amplius

162 3047 304 3126 allegent
328 3063 366 3108 ac
390 3046 566 3126 disputent.

266 3135 446 3198 Advocatus
469 3133 528 3212 rei,
558 3131 793 3213 perordinem,
826 3152 908 3212 quae
936 3154 996 3215 per
1020 3134 1209 3200 advocatum
1240 3136 1360 3201 actoris

168 3222 300 3284 luerunt
322 3222 498 3303 proposita,
528 3222 658 3300 repetit,
687 3222 912 3302 respondendo
944 3225 985 3287 ad
1018 3224 1151 3304 singula,
1182 3237 1214 3287 et
1245 3229 1360 3288 cuncta

164 3310 352 3374 introducta
376 3305 417 3380 (si
430 3306 566 3391 poterit)
585 3308 659 3388 jure
684 3308 891 3391 destruendo,
916 3312 983 3376 sive
1008 3311 1050 3376 sit
1074 3311 1227 3377 confessio
1244 3314 1358 3393 partis,

168 3397 236 3461 sive
261 3399 486 3463 attestationes
510 3396 650 3476 testium,
675 3396 740 3462 sive
764 3398 986 3465 instrumenta.

271 3501 359 3554 Causa
373 3500 492 3554 efficiens
512 3498 701 3565 allegationem
720 3516 752 3553 ac
771 3501 981 3568 disputationem
1001 3508 1064 3554 suut
1083 3501 1205 3556 advocati
1218 3511 1245 3556 et
1263 3520 1359 3571 procu-

164 3580 280 3626 ratores

268 3643 422 3710 Subjectum
443 3649 506 3694 sunt
519 3639 592 3710 jura,
612 3657 681 3708 quae
701 3642 861 3710 allegantur.

269 3716 409 3780 ObJectum
429 3719 491 3764 sunt
511 3712 624 3766 actitata
643 3714 671 3766 in
688 3713 799 3780 judicio.

269 3787 377 3852 Formo,
397 3791 426 3836 ut
445 3783 539 3836 ordine
564 3785 598 3837 ad
618 3785 671 3837 fori
691 3787 910 3840 consuetudinem
931 3787 1063 3854 allegetur
1081 3804 1113 3842 ac
1132 3789 1272 3856 probatur.

268 3858 344 3910 I'inis
357 3864 406 3923 est,
425 3863 454 3906 ut
467 3855 585 3920 partium
598 3856 769 3923 intentiones,
783 3866 891 3924 praeter
904 3859 1078 3926 probationes
1097 3860 1236 3931 deductas,
1251 3863 1359 3929 juribus

166 3945 275 3997 quoque
293 3929 455 3982 roborentur
474 3941 505 3979 11
524 3928 723 3982 confirmentur.

505 4108 566 4180 Dc
592 4106 809 4179 conclusione
833 4107 875 4181 in
901 4133 1019 4181 cansa.

608 4248 771 4312 Titulus
794 4250 916 4315 XXIX.

267 4381 381 4445 Finitis
417 4383 555 4462 partium
580 4380 837 4460 allegationibus,
864 4380 1131 4462 dIsputationibus
1161 4391 1195 4450 et
1225 4402 1358 4465 respon-

170 4470 323 4548 sionibus
339 4487 457 4550 rogare
475 4469 573 4535 debet
593 4467 693 4548 judex
709 4470 920 4549 expertibus
936 4467 1075 4535 velintne
1093 4471 1211 4551 aliquid
1227 4471 1361 4537 ulterius
