<?xml version="1.0" encoding="UTF-8"?>
<!DOCTYPE html PUBLIC "-//W3C//DTD XHTML 1.0 Transitional//EN"
    "http://www.w3.org/TR/xhtml1/DTD/xhtml1-transitional.dtd">
<html xmlns="http://www.w3.org/1999/xhtml" xml:lang="en" lang="en">
 <head>
  <title>
</title>
<meta http-equiv="Content-Type" content="text/html;charset=utf-8" />
  <meta name='ocr-system' content='tesseract 3.04.00' />
  <meta name='ocr-capabilities' content='ocr_page ocr_carea ocr_par ocr_line ocrx_word'/>
</head>
<body>
  <div class='ocr_page' id='page_1' title='image "./codexjurisbohem01kingoog_0087.png"; bbox 0 0 3212 5008; ppageno 0'>
   <div class='ocr_carea' id='block_1_1' title="bbox 641 423 1347 498">
    <p class='ocr_par' dir='ltr' id='par_1_1' title="bbox 641 423 1347 498">
     <span class='ocr_line' id='line_1_1' title="bbox 641 423 1347 498; baseline 0.004 -21"><span class='ocrx_word' id='word_1_1' title='bbox 641 425 683 478; x_wconf 87' lang='lat' dir='ltr'><strong>De</strong></span> <span class='ocrx_word' id='word_1_2' title='bbox 700 423 860 483; x_wconf 82' lang='lat' dir='ltr'><strong>maleficiis·</strong></span> <span class='ocrx_word' id='word_1_3' title='bbox 1309 430 1347 498; x_wconf 74' lang='lat'><strong>71</strong></span> 
     </span>
    </p>
   </div>
   <div class='ocr_carea' id='block_1_2' title="bbox 95 563 1351 2494">
    <p class='ocr_par' dir='ltr' id='par_1_2' title="bbox 153 563 1350 735">
     <span class='ocr_line' id='line_1_2' title="bbox 153 563 1350 648; baseline -0.002 -14"><span class='ocrx_word' id='word_1_4' title='bbox 153 563 314 648; x_wconf 89' lang='lat' dir='ltr'><strong>rehquae,</strong></span> <span class='ocrx_word' id='word_1_5' title='bbox 337 563 452 632; x_wconf 89' lang='lat' dir='ltr'><strong>saltem</strong></span> <span class='ocrx_word' id='word_1_6' title='bbox 482 567 522 630; x_wconf 89' lang='lat' dir='ltr'><strong>de</strong></span> <span class='ocrx_word' id='word_1_7' title='bbox 546 569 673 630; x_wconf 89' lang='lat' dir='ltr'><strong>centum</strong></span> <span class='ocrx_word' id='word_1_8' title='bbox 697 564 806 630; x_wconf 89' lang='lat' dir='ltr'><strong>aureis</strong></span> <span class='ocrx_word' id='word_1_9' title='bbox 834 583 928 630; x_wconf 87' lang='lat' dir='ltr'><strong>senos</strong></span> <span class='ocrx_word' id='word_1_10' title='bbox 952 584 1068 630; x_wconf 88' lang='lat' dir='ltr'><strong>aureos</strong></span> <span class='ocrx_word' id='word_1_11' title='bbox 1097 567 1230 647; x_wconf 83' lang='lat' dir='ltr'><strong>singulis</strong></span> <span class='ocrx_word' id='word_1_12' title='bbox 1258 567 1350 632; x_wconf 91' lang='lat' dir='ltr'><strong>annis</strong></span> 
     </span>
     <span class='ocr_line' id='line_1_3' title="bbox 154 644 1258 735; baseline -0.003 -14"><span class='ocrx_word' id='word_1_13' title='bbox 154 654 364 733; x_wconf 90' lang='lat' dir='ltr'><strong>obtinebant;</strong></span> <span class='ocrx_word' id='word_1_14' title='bbox 389 655 474 733; x_wconf 94' lang='lat' dir='ltr'><strong>quod</strong></span> <span class='ocrx_word' id='word_1_15' title='bbox 498 659 532 719; x_wconf 89' lang='lat' dir='ltr'><strong>et</strong></span> <span class='ocrx_word' id='word_1_16' title='bbox 554 652 639 734; x_wconf 92' lang='lat' dir='ltr'><strong>apud</strong></span> <span class='ocrx_word' id='word_1_17' title='bbox 662 669 722 717; x_wconf 91' lang='lat' dir='ltr'><strong>nos</strong></span> <span class='ocrx_word' id='word_1_18' title='bbox 744 657 893 718; x_wconf 88' lang='lat' dir='ltr'><strong>servatur</strong></span> <span class='ocrx_word' id='word_1_19' title='bbox 914 644 996 731; x_wconf 85' lang='lat' dir='ltr'><strong>(Joa</strong></span> <span class='ocrx_word' id='word_1_20' title='bbox 1019 653 1117 720; x_wconf 83' lang='lat' dir='ltr'><strong>Proo.</strong></span> <span class='ocrx_word' id='word_1_21' title='bbox 1143 655 1182 719; x_wconf 90' lang='lat' dir='ltr'><strong>P.</strong></span> <span class='ocrx_word' id='word_1_22' title='bbox 1206 649 1258 735; x_wconf 87' lang='lat'><strong>1.)</strong></span> 
     </span>
    </p>

    <p class='ocr_par' dir='ltr' id='par_1_3' title="bbox 154 741 1351 1267">
     <span class='ocr_line' id='line_1_4' title="bbox 258 741 1350 822; baseline 0.002 -16"><span class='ocrx_word' id='word_1_23' title='bbox 258 742 361 822; x_wconf 88' lang='lat' dir='ltr'><strong>Quum</strong></span> <span class='ocrx_word' id='word_1_24' title='bbox 376 761 493 814; x_wconf 90' lang='lat' dir='ltr'><strong>usurae</strong></span> <span class='ocrx_word' id='word_1_25' title='bbox 510 741 650 806; x_wconf 90' lang='lat' dir='ltr'><strong>debeant</strong></span> <span class='ocrx_word' id='word_1_26' title='bbox 665 758 738 805; x_wconf 90' lang='lat' dir='ltr'><strong>esse</strong></span> <span class='ocrx_word' id='word_1_27' title='bbox 752 745 867 822; x_wconf 88' lang='lat' dir='ltr'><strong>pactae</strong></span> <span class='ocrx_word' id='word_1_28' title='bbox 884 746 974 807; x_wconf 88' lang='lat' dir='ltr'><strong>certa</strong></span> <span class='ocrx_word' id='word_1_29' title='bbox 990 742 1171 821; x_wconf 90' lang='lat' dir='ltr'><strong>quantitate</strong></span> <span class='ocrx_word' id='word_1_30' title='bbox 1189 761 1209 807; x_wconf 91' lang='lat' dir='ltr'><strong>a</strong></span> <span class='ocrx_word' id='word_1_31' title='bbox 1224 743 1350 822; x_wconf 82' lang='lat' dir='ltr'><strong>legibus</strong></span> 
     </span>
     <span class='ocr_line' id='line_1_5' title="bbox 154 828 1348 911; baseline -0.001 -14"><span class='ocrx_word' id='word_1_32' title='bbox 154 829 301 911; x_wconf 85' lang='lat' dir='ltr'><strong>definita,</strong></span> <span class='ocrx_word' id='word_1_33' title='bbox 335 830 420 910; x_wconf 90' lang='lat' dir='ltr'><strong>apud</strong></span> <span class='ocrx_word' id='word_1_34' title='bbox 453 848 513 896; x_wconf 93' lang='lat' dir='ltr'><strong>nos</strong></span> <span class='ocrx_word' id='word_1_35' title='bbox 548 829 782 894; x_wconf 81' lang='lat' dir='ltr'><strong>Constitutione</strong></span> <span class='ocrx_word' id='word_1_36' title='bbox 811 828 1002 895; x_wconf 88' lang='lat' dir='ltr'><strong>Provinciali</strong></span> <span class='ocrx_word' id='word_1_37' title='bbox 1035 830 1094 895; x_wconf 93' lang='lat' dir='ltr'><strong>sub</strong></span> <span class='ocrx_word' id='word_1_38' title='bbox 1127 830 1224 895; x_wconf 89' lang='lat' dir='ltr'><strong>litera</strong></span> <span class='ocrx_word' id='word_1_39' title='bbox 1255 832 1293 897; x_wconf 94' lang='lat' dir='ltr'><strong>P.</strong></span> <span class='ocrx_word' id='word_1_40' title='bbox 1318 833 1348 896; x_wconf 88' lang='lat'><strong>1.</strong></span> 
     </span>
     <span class='ocr_line' id='line_1_6' title="bbox 155 917 1351 1001; baseline 0 -17"><span class='ocrx_word' id='word_1_41' title='bbox 155 925 301 1000; x_wconf 86' lang='lat' dir='ltr'><strong>cavetur,</strong></span> <span class='ocrx_word' id='word_1_42' title='bbox 332 937 372 983; x_wconf 89' lang='lat' dir='ltr'><strong>ne</strong></span> <span class='ocrx_word' id='word_1_43' title='bbox 397 918 468 999; x_wconf 91' lang='lat' dir='ltr'><strong>quis</strong></span> <span class='ocrx_word' id='word_1_44' title='bbox 490 935 550 1001; x_wconf 93' lang='lat' dir='ltr'><strong>pro</strong></span> <span class='ocrx_word' id='word_1_45' title='bbox 575 921 701 982; x_wconf 85' lang='lat' dir='ltr'><strong>centum</strong></span> <span class='ocrx_word' id='word_1_46' title='bbox 725 917 892 997; x_wconf 83' lang='lat' dir='ltr'>sexagenis</span> <span class='ocrx_word' id='word_1_47' title='bbox 915 934 1099 998; x_wconf 83' lang='lat' dir='ltr'><strong>grossorum</strong></span> <span class='ocrx_word' id='word_1_48' title='bbox 1122 923 1232 984; x_wconf 91' lang='lat' dir='ltr'><strong>mutuo</strong></span> <span class='ocrx_word' id='word_1_49' title='bbox 1256 919 1351 984; x_wconf 90' lang='lat' dir='ltr'><strong>alicui</strong></span> 
     </span>
     <span class='ocr_line' id='line_1_7' title="bbox 159 1006 1349 1090; baseline 0.002 -18"><span class='ocrx_word' id='word_1_50' title='bbox 159 1008 247 1072; x_wconf 87' lang='lat' dir='ltr'><strong>datis</strong></span> <span class='ocrx_word' id='word_1_51' title='bbox 279 1007 351 1090; x_wconf 93' lang='lat' dir='ltr'><strong>plus</strong></span> <span class='ocrx_word' id='word_1_52' title='bbox 386 1025 481 1086; x_wconf 88' lang='lat' dir='ltr'><strong>quam</strong></span> <span class='ocrx_word' id='word_1_53' title='bbox 516 1024 608 1070; x_wconf 86' lang='lat' dir='ltr'><strong>senas</strong></span> <span class='ocrx_word' id='word_1_54' title='bbox 650 1021 827 1083; x_wconf 83' lang='lat' dir='ltr'><strong>sexagenas</strong></span> <span class='ocrx_word' id='word_1_55' title='bbox 865 1006 1035 1086; x_wconf 85' lang='lat' dir='ltr'><strong>quotannis</strong></span> <span class='ocrx_word' id='word_1_56' title='bbox 1070 1006 1195 1072; x_wconf 92' lang='lat' dir='ltr'><strong>nomine</strong></span> <span class='ocrx_word' id='word_1_57' title='bbox 1231 1025 1349 1074; x_wconf 88' lang='lat' dir='ltr'><strong>usurae</strong></span> 
     </span>
     <span class='ocr_line' id='line_1_8' title="bbox 156 1092 1349 1177; baseline 0.001 -17"><span class='ocrx_word' id='word_1_58' title='bbox 156 1095 308 1177; x_wconf 84' lang='lat' dir='ltr'><strong>accipiat.</strong></span> <span class='ocrx_word' id='word_1_59' title='bbox 333 1093 433 1161; x_wconf 80' lang='lat' dir='ltr'><strong>Serus</strong></span> <span class='ocrx_word' id='word_1_60' title='bbox 456 1094 577 1160; x_wconf 86' lang='lat' dir='ltr'><strong>iaciens</strong></span> <span class='ocrx_word' id='word_1_61' title='bbox 606 1092 737 1158; x_wconf 89' lang='lat' dir='ltr'><strong>infamia</strong></span> <span class='ocrx_word' id='word_1_62' title='bbox 759 1097 890 1159; x_wconf 88' lang='lat' dir='ltr'><strong>notatur</strong></span> <span class='ocrx_word' id='word_1_63' title='bbox 920 1100 954 1159; x_wconf 91' lang='lat' dir='ltr'><strong>et</strong></span> <span class='ocrx_word' id='word_1_64' title='bbox 977 1093 1062 1159; x_wconf 94' lang='lat' dir='ltr'><strong>omni</strong></span> <span class='ocrx_word' id='word_1_65' title='bbox 1087 1093 1171 1175; x_wconf 88' lang='lat' dir='ltr'><strong>juris</strong></span> <span class='ocrx_word' id='word_1_66' title='bbox 1194 1094 1349 1162; x_wconf 89' lang='lat' dir='ltr'><strong>beneficio</strong></span> 
     </span>
     <span class='ocr_line' id='line_1_9' title="bbox 158 1180 1351 1267; baseline 0 -19"><span class='ocrx_word' id='word_1_67' title='bbox 158 1183 354 1262; x_wconf 81' lang='lat' dir='ltr'><strong>excluditur3</strong></span> <span class='ocrx_word' id='word_1_68' title='bbox 380 1183 444 1248; x_wconf 92' lang='lat' dir='ltr'><strong>imo</strong></span> <span class='ocrx_word' id='word_1_69' title='bbox 468 1188 503 1251; x_wconf 88' lang='lat' dir='ltr'><strong>et</strong></span> <span class='ocrx_word' id='word_1_70' title='bbox 524 1181 693 1267; x_wconf 89' lang='lat' dir='ltr'><strong>pecuniam</strong></span> <span class='ocrx_word' id='word_1_71' title='bbox 715 1180 774 1245; x_wconf 90' lang='lat' dir='ltr'><strong>suh</strong></span> <span class='ocrx_word' id='word_1_72' title='bbox 797 1181 908 1248; x_wconf 91' lang='lat' dir='ltr'><strong>illicita</strong></span> <span class='ocrx_word' id='word_1_73' title='bbox 930 1198 1028 1248; x_wconf 91' lang='lat' dir='ltr'><strong>usura</strong></span> <span class='ocrx_word' id='word_1_74' title='bbox 1055 1182 1209 1247; x_wconf 80' lang='lat' dir='ltr'><strong>creditam</strong></span> <span class='ocrx_word' id='word_1_75' title='bbox 1230 1183 1351 1250; x_wconf 91' lang='lat' dir='ltr'><strong>amittit</strong></span> 
     </span>
    </p>

    <p class='ocr_par' dir='ltr' id='par_1_4' title="bbox 153 1260 1281 1352">
     <span class='ocr_line' id='line_1_10' title="bbox 153 1260 1281 1352; baseline -0.007 -14"><span class='ocrx_word' id='word_1_76' title='bbox 153 1262 179 1352; x_wconf 85' lang='lat'><em>(</em></span> <span class='ocrx_word' id='word_1_77' title='bbox 179 1272 271 1338; x_wconf 57' lang='lat'><strong>017.</strong></span> <span class='ocrx_word' id='word_1_78' title='bbox 295 1272 359 1336; x_wconf 84' lang='lat' dir='ltr'><strong>Joa</strong></span> <span class='ocrx_word' id='word_1_79' title='bbox 381 1271 480 1336; x_wconf 80' lang='lat' dir='ltr'><strong>Prov.</strong></span> <span class='ocrx_word' id='word_1_80' title='bbox 503 1272 542 1338; x_wconf 93' lang='lat' dir='ltr'><strong>P.</strong></span> <span class='ocrx_word' id='word_1_81' title='bbox 567 1260 617 1350; x_wconf 88' lang='lat'><strong>1.)</strong></span> <span class='ocrx_word' id='word_1_82' title='bbox 1279 1310 1281 1316; x_wconf 87' lang='lat'>·</span> 
     </span>
    </p>

    <p class='ocr_par' dir='ltr' id='par_1_5' title="bbox 95 1356 1350 1967">
     <span class='ocr_line' id='line_1_11' title="bbox 95 1356 1347 1441; baseline 0.001 -17"><span class='ocrx_word' id='word_1_83' title='bbox 95 1385 97 1390; x_wconf 61' lang='grc'>’</span> <span class='ocrx_word' id='word_1_84' title='bbox 257 1359 424 1441; x_wconf 86' lang='lat' dir='ltr'><strong>Ejusmodi</strong></span> <span class='ocrx_word' id='word_1_85' title='bbox 451 1359 563 1425; x_wconf 88' lang='lat' dir='ltr'><strong>illicita</strong></span> <span class='ocrx_word' id='word_1_86' title='bbox 590 1375 689 1423; x_wconf 87' lang='lat' dir='ltr'><strong>usura</strong></span> <span class='ocrx_word' id='word_1_87' title='bbox 718 1358 758 1422; x_wconf 93' lang='lat' dir='ltr'><strong>de</strong></span> <span class='ocrx_word' id='word_1_88' title='bbox 780 1358 859 1422; x_wconf 82' lang='lat' dir='ltr'><strong>lure</strong></span> <span class='ocrx_word' id='word_1_89' title='bbox 891 1356 1081 1423; x_wconf 89' lang='lat' dir='ltr'><strong>Provinciali</strong></span> <span class='ocrx_word' id='word_1_90' title='bbox 1107 1357 1143 1422; x_wconf 89' lang='lat' dir='ltr'><strong>fit</strong></span> <span class='ocrx_word' id='word_1_91' title='bbox 1171 1356 1347 1425; x_wconf 79' lang='lat' dir='ltr'><strong>trifariam:</strong></span> 
     </span>
     <span class='ocr_line' id='line_1_12' title="bbox 157 1444 1349 1529; baseline 0.001 -18"><span class='ocrx_word' id='word_1_92' title='bbox 157 1447 269 1512; x_wconf 90' lang='lat' dir='ltr'><strong>Primo</strong></span> <span class='ocrx_word' id='word_1_93' title='bbox 293 1447 422 1528; x_wconf 88' lang='lat' dir='ltr'><strong>quidem</strong></span> <span class='ocrx_word' id='word_1_94' title='bbox 445 1446 539 1512; x_wconf 93' lang='lat' dir='ltr'><strong>modo</strong></span> <span class='ocrx_word' id='word_1_95' title='bbox 563 1447 659 1527; x_wconf 87' lang='lat' dir='ltr'><strong>dicto,</strong></span> <span class='ocrx_word' id='word_1_96' title='bbox 689 1447 716 1510; x_wconf 90' lang='lat' dir='ltr'><strong>si</strong></span> <span class='ocrx_word' id='word_1_97' title='bbox 740 1446 810 1526; x_wconf 91' lang='lat' dir='ltr'><strong>quis</strong></span> <span class='ocrx_word' id='word_1_98' title='bbox 831 1444 902 1525; x_wconf 90' lang='lat' dir='ltr'><strong>plus</strong></span> <span class='ocrx_word' id='word_1_99' title='bbox 927 1463 1021 1527; x_wconf 90' lang='lat' dir='ltr'><strong>quam</strong></span> <span class='ocrx_word' id='word_1_100' title='bbox 1045 1463 1140 1512; x_wconf 88' lang='lat' dir='ltr'><strong>senas</strong></span> <span class='ocrx_word' id='word_1_101' title='bbox 1170 1465 1349 1529; x_wconf 83' lang='lat' dir='ltr'><strong>sexagenas</strong></span> 
     </span>
     <span class='ocr_line' id='line_1_13' title="bbox 158 1534 1350 1616; baseline 0.002 -17"><span class='ocrx_word' id='word_1_102' title='bbox 158 1553 345 1616; x_wconf 88' lang='lat' dir='ltr'><strong>grossorum</strong></span> <span class='ocrx_word' id='word_1_103' title='bbox 378 1553 439 1616; x_wconf 93' lang='lat' dir='ltr'><strong>pro</strong></span> <span class='ocrx_word' id='word_1_104' title='bbox 463 1540 589 1600; x_wconf 89' lang='lat' dir='ltr'><strong>centum</strong></span> <span class='ocrx_word' id='word_1_105' title='bbox 612 1536 780 1614; x_wconf 83' lang='lat' dir='ltr'><strong>sexagenis</strong></span> <span class='ocrx_word' id='word_1_106' title='bbox 813 1550 915 1613; x_wconf 84' lang='lat' dir='ltr'><strong>gross.</strong></span> <span class='ocrx_word' id='word_1_107' title='bbox 950 1535 1097 1615; x_wconf 89' lang='lat' dir='ltr'><strong>accipiat.</strong></span> <span class='ocrx_word' id='word_1_108' title='bbox 1132 1534 1290 1616; x_wconf 88' lang='lat' dir='ltr'><strong>Secundo,</strong></span> <span class='ocrx_word' id='word_1_109' title='bbox 1322 1537 1350 1601; x_wconf 90' lang='lat' dir='ltr'><strong>si</strong></span> 
     </span>
     <span class='ocr_line' id='line_1_14' title="bbox 161 1621 1350 1704; baseline 0 -16"><span class='ocrx_word' id='word_1_110' title='bbox 161 1624 234 1704; x_wconf 90' lang='lat' dir='ltr'><strong>quis</strong></span> <span class='ocrx_word' id='word_1_111' title='bbox 257 1624 343 1689; x_wconf 90' lang='lat' dir='ltr'><strong>ultra</strong></span> <span class='ocrx_word' id='word_1_112' title='bbox 366 1622 491 1688; x_wconf 90' lang='lat' dir='ltr'><strong>solitam</strong></span> <span class='ocrx_word' id='word_1_113' title='bbox 517 1640 656 1702; x_wconf 85' lang='lat' dir='ltr'><strong>usuram,</strong></span> <span class='ocrx_word' id='word_1_114' title='bbox 682 1641 701 1686; x_wconf 87' lang='lat' dir='ltr'><strong>a</strong></span> <span class='ocrx_word' id='word_1_115' title='bbox 725 1621 869 1687; x_wconf 82' lang='lat' dir='ltr'><strong>debitore</strong></span> <span class='ocrx_word' id='word_1_116' title='bbox 892 1626 1009 1703; x_wconf 87' lang='lat' dir='ltr'><strong>vestes,</strong></span> <span class='ocrx_word' id='word_1_117' title='bbox 1034 1638 1141 1703; x_wconf 83' lang='lat' dir='ltr'><strong>equae,</strong></span> <span class='ocrx_word' id='word_1_118' title='bbox 1163 1621 1294 1704; x_wconf 83' lang='lat' dir='ltr'><strong>pellicia</strong></span> <span class='ocrx_word' id='word_1_119' title='bbox 1316 1627 1350 1688; x_wconf 87' lang='lat' dir='ltr'><strong>et</strong></span> 
     </span>
     <span class='ocr_line' id='line_1_15' title="bbox 157 1709 1347 1798; baseline 0 -22"><span class='ocrx_word' id='word_1_120' title='bbox 157 1711 192 1776; x_wconf 92' lang='lat' dir='ltr'><strong>id</strong></span> <span class='ocrx_word' id='word_1_121' title='bbox 205 1729 306 1792; x_wconf 85' lang='lat' dir='ltr'><strong>genus</strong></span> <span class='ocrx_word' id='word_1_122' title='bbox 323 1711 476 1776; x_wconf 88' lang='lat' dir='ltr'><strong>mercium</strong></span> <span class='ocrx_word' id='word_1_123' title='bbox 498 1710 627 1791; x_wconf 89' lang='lat' dir='ltr'><strong>majoris</strong></span> <span class='ocrx_word' id='word_1_124' title='bbox 641 1709 748 1792; x_wconf 85' lang='lat' dir='ltr'><strong>pretii,</strong></span> <span class='ocrx_word' id='word_1_125' title='bbox 761 1709 905 1790; x_wconf 86' lang='lat' dir='ltr'><strong>recipiat.</strong></span> <span class='ocrx_word' id='word_1_126' title='bbox 922 1710 1042 1790; x_wconf 86' lang='lat' dir='ltr'><strong>Tertio,</strong></span> <span class='ocrx_word' id='word_1_127' title='bbox 1058 1711 1085 1775; x_wconf 91' lang='lat' dir='ltr'><strong>si</strong></span> <span class='ocrx_word' id='word_1_128' title='bbox 1101 1711 1174 1798; x_wconf 90' lang='lat' dir='ltr'><strong>quis</strong></span> <span class='ocrx_word' id='word_1_129' title='bbox 1188 1716 1347 1776; x_wconf 83' lang='lat' dir='ltr'><strong>monetam</strong></span> 
     </span>
     <span class='ocr_line' id='line_1_16' title="bbox 159 1798 1348 1880; baseline -0.002 -16"><span class='ocrx_word' id='word_1_130' title='bbox 159 1803 351 1880; x_wconf 84' lang='lat' dir='ltr'><strong>argenteam</strong></span> <span class='ocrx_word' id='word_1_131' title='bbox 373 1800 424 1864; x_wconf 88' lang='lat' dir='ltr'><strong>vel</strong></span> <span class='ocrx_word' id='word_1_132' title='bbox 446 1817 577 1864; x_wconf 84' lang='lat' dir='ltr'><strong>auream</strong></span> <span class='ocrx_word' id='word_1_133' title='bbox 600 1799 742 1880; x_wconf 85' lang='lat' dir='ltr'><strong>majoris,</strong></span> <span class='ocrx_word' id='word_1_134' title='bbox 766 1814 860 1878; x_wconf 85' lang='lat' dir='ltr'><strong>quam</strong></span> <span class='ocrx_word' id='word_1_135' title='bbox 882 1798 978 1878; x_wconf 77' lang='lat' dir='ltr'><strong>ualet,</strong></span> <span class='ocrx_word' id='word_1_136' title='bbox 996 1817 1056 1879; x_wconf 89' lang='lat' dir='ltr'><strong>per</strong></span> <span class='ocrx_word' id='word_1_137' title='bbox 1078 1816 1113 1863; x_wconf 91' lang='lat' dir='ltr'><strong>se</strong></span> <span class='ocrx_word' id='word_1_138' title='bbox 1136 1799 1348 1879; x_wconf 87' lang='lat' dir='ltr'><strong>aestimatam,</strong></span> 
     </span>
     <span class='ocr_line' id='line_1_17' title="bbox 155 1888 717 1967; baseline 0.002 -15"><span class='ocrx_word' id='word_1_139' title='bbox 155 1888 361 1953; x_wconf 89' lang='lat' dir='ltr'><strong>mutuaverit.</strong></span> <span class='ocrx_word' id='word_1_140' title='bbox 708 1951 717 1967; x_wconf 63' lang='grc'>,</span> 
     </span>
    </p>

    <p class='ocr_par' dir='ltr' id='par_1_6' title="bbox 159 1969 1348 2230">
     <span class='ocr_line' id='line_1_18' title="bbox 258 1969 1347 2056; baseline -0.001 -16"><span class='ocrx_word' id='word_1_141' title='bbox 258 1975 350 2041; x_wconf 82' lang='lat' dir='ltr'><strong>Anno</strong></span> <span class='ocrx_word' id='word_1_142' title='bbox 366 1974 487 2041; x_wconf 86' lang='lat' dir='ltr'><strong>Salutis</strong></span> <span class='ocrx_word' id='word_1_143' title='bbox 504 1969 589 2039; x_wconf 80' lang='lat'>1575</span> <span class='ocrx_word' id='word_1_144' title='bbox 601 1973 659 2039; x_wconf 91' lang='lat' dir='ltr'><strong>fer.</strong></span> <span class='ocrx_word' id='word_1_145' title='bbox 677 1970 705 2037; x_wconf 89' lang='lat'><strong>3.</strong></span> <span class='ocrx_word' id='word_1_146' title='bbox 719 1976 794 2056; x_wconf 88' lang='lat' dir='ltr'><strong>post</strong></span> <span class='ocrx_word' id='word_1_147' title='bbox 807 1972 966 2038; x_wconf 88' lang='lat' dir='ltr'><strong>Matthaei</strong></span> <span class='ocrx_word' id='word_1_148' title='bbox 981 1973 1014 2037; x_wconf 93' lang='lat' dir='ltr'><strong>in</strong></span> <span class='ocrx_word' id='word_1_149' title='bbox 1031 1973 1157 2054; x_wconf 75' lang='lat' dir='ltr'><strong>Spnodo</strong></span> <span class='ocrx_word' id='word_1_150' title='bbox 1173 1974 1347 2054; x_wconf 79' lang='lat' dir='ltr'><strong>celebrata</strong></span> 
     </span>
     <span class='ocr_line' id='line_1_19' title="bbox 159 2061 1348 2144; baseline -0.002 -16"><span class='ocrx_word' id='word_1_151' title='bbox 159 2063 282 2128; x_wconf 86' lang='lat' dir='ltr'><strong>crimen</strong></span> <span class='ocrx_word' id='word_1_152' title='bbox 310 2062 514 2144; x_wconf 83' lang='lat' dir='ltr'><strong>partitorum,</strong></span> <span class='ocrx_word' id='word_1_153' title='bbox 547 2061 632 2144; x_wconf 87' lang='lat' dir='ltr'><strong>quod</strong></span> <span class='ocrx_word' id='word_1_154' title='bbox 663 2062 760 2127; x_wconf 88' lang='lat' dir='ltr'><strong>variis</strong></span> <span class='ocrx_word' id='word_1_155' title='bbox 789 2061 893 2126; x_wconf 92' lang='lat' dir='ltr'><strong>modis</strong></span> <span class='ocrx_word' id='word_1_156' title='bbox 917 2061 1135 2142; x_wconf 89' lang='lat' dir='ltr'><strong>committitur,</strong></span> <span class='ocrx_word' id='word_1_157' title='bbox 1166 2062 1225 2127; x_wconf 90' lang='lat' dir='ltr'><strong>suh</strong></span> <span class='ocrx_word' id='word_1_158' title='bbox 1243 2081 1348 2143; x_wconf 90' lang='lat' dir='ltr'><strong>poena</strong></span> 
     </span>
     <span class='ocr_line' id='line_1_20' title="bbox 159 2149 1197 2230; baseline -0.001 -15"><span class='ocrx_word' id='word_1_159' title='bbox 159 2151 372 2216; x_wconf 84' lang='lat' dir='ltr'><strong>ammissionis</strong></span> <span class='ocrx_word' id='word_1_160' title='bbox 395 2149 510 2230; x_wconf 87' lang='lat' dir='ltr'><strong>famae,</strong></span> <span class='ocrx_word' id='word_1_161' title='bbox 534 2152 620 2215; x_wconf 87' lang='lat' dir='ltr'><strong>vitae</strong></span> <span class='ocrx_word' id='word_1_162' title='bbox 644 2153 677 2215; x_wconf 88' lang='lat' dir='ltr'><strong>et</strong></span> <span class='ocrx_word' id='word_1_163' title='bbox 698 2149 886 2216; x_wconf 86' lang='lat' dir='ltr'><strong>facultatum</strong></span> <span class='ocrx_word' id='word_1_164' title='bbox 909 2152 960 2214; x_wconf 88' lang='lat' dir='ltr'><strong>est</strong></span> <span class='ocrx_word' id='word_1_165' title='bbox 981 2149 1197 2215; x_wconf 86' lang='lat' dir='ltr'><strong>interdictmn.</strong></span> 
     </span>
    </p>

    <p class='ocr_par' dir='ltr' id='par_1_7' title="bbox 157 2238 1348 2494">
     <span class='ocr_line' id='line_1_21' title="bbox 258 2238 1347 2318; baseline -0.001 -15"><span class='ocrx_word' id='word_1_166' title='bbox 258 2239 352 2304; x_wconf 83' lang='lat' dir='ltr'><strong>Licet</strong></span> <span class='ocrx_word' id='word_1_167' title='bbox 375 2239 415 2303; x_wconf 92' lang='lat' dir='ltr'><strong>de</strong></span> <span class='ocrx_word' id='word_1_168' title='bbox 433 2238 512 2304; x_wconf 88' lang='lat' dir='ltr'><strong>Jure</strong></span> <span class='ocrx_word' id='word_1_169' title='bbox 535 2243 645 2302; x_wconf 90' lang='lat' dir='ltr'><strong>nostro</strong></span> <span class='ocrx_word' id='word_1_170' title='bbox 671 2255 768 2304; x_wconf 89' lang='lat' dir='ltr'><strong>usura</strong></span> <span class='ocrx_word' id='word_1_171' title='bbox 791 2243 824 2303; x_wconf 91' lang='lat' dir='ltr'><strong>et</strong></span> <span class='ocrx_word' id='word_1_172' title='bbox 846 2238 1003 2304; x_wconf 86' lang='lat' dir='ltr'><strong>interesse</strong></span> <span class='ocrx_word' id='word_1_173' title='bbox 1026 2254 1249 2318; x_wconf 88' lang='lat' dir='ltr'><strong>nonnunquam</strong></span> <span class='ocrx_word' id='word_1_174' title='bbox 1274 2254 1347 2302; x_wconf 88' lang='lat' dir='ltr'><strong>con·</strong></span> 
     </span>
     <span class='ocr_line' id='line_1_22' title="bbox 157 2324 1348 2408; baseline -0.001 -17"><span class='ocrx_word' id='word_1_175' title='bbox 157 2326 347 2407; x_wconf 88' lang='lat' dir='ltr'><strong>fundantur,</strong></span> <span class='ocrx_word' id='word_1_176' title='bbox 378 2331 487 2391; x_wconf 84' lang='lat' dir='ltr'><strong>tamen</strong></span> <span class='ocrx_word' id='word_1_177' title='bbox 514 2327 646 2408; x_wconf 92' lang='lat' dir='ltr'><strong>proprie</strong></span> <span class='ocrx_word' id='word_1_178' title='bbox 675 2324 833 2390; x_wconf 86' lang='lat' dir='ltr'><strong>interesse</strong></span> <span class='ocrx_word' id='word_1_179' title='bbox 862 2325 979 2390; x_wconf 84' lang='lat' dir='ltr'><strong>dicitur</strong></span> <span class='ocrx_word' id='word_1_180' title='bbox 1006 2324 1129 2390; x_wconf 88' lang='lat' dir='ltr'><strong>lucrum</strong></span> <span class='ocrx_word' id='word_1_181' title='bbox 1159 2343 1287 2390; x_wconf 86' lang='lat' dir='ltr'><strong>cessans</strong></span> <span class='ocrx_word' id='word_1_182' title='bbox 1315 2330 1348 2390; x_wconf 89' lang='lat' dir='ltr'><strong>et</strong></span> 
     </span>
     <span class='ocr_line' id='line_1_23' title="bbox 158 2411 1347 2494; baseline 0.001 -17"><span class='ocrx_word' id='word_1_183' title='bbox 158 2414 309 2480; x_wconf 89' lang='lat' dir='ltr'><strong>damnum</strong></span> <span class='ocrx_word' id='word_1_184' title='bbox 334 2432 374 2479; x_wconf 87' lang='lat' dir='ltr'><strong>ex</strong></span> <span class='ocrx_word' id='word_1_185' title='bbox 396 2431 489 2479; x_wconf 91' lang='lat' dir='ltr'><strong>mora</strong></span> <span class='ocrx_word' id='word_1_186' title='bbox 517 2412 665 2478; x_wconf 89' lang='lat' dir='ltr'><strong>debentis</strong></span> <span class='ocrx_word' id='word_1_187' title='bbox 694 2431 871 2494; x_wconf 84' lang='lat' dir='ltr'><strong>emergens,</strong></span> <span class='ocrx_word' id='word_1_188' title='bbox 901 2417 937 2478; x_wconf 92' lang='lat' dir='ltr'><strong>ut</strong></span> <span class='ocrx_word' id='word_1_189' title='bbox 959 2411 986 2476; x_wconf 92' lang='lat' dir='ltr'><strong>si</strong></span> <span class='ocrx_word' id='word_1_190' title='bbox 1007 2413 1092 2479; x_wconf 88' lang='lat' dir='ltr'><strong>inter</strong></span> <span class='ocrx_word' id='word_1_191' title='bbox 1122 2413 1347 2480; x_wconf 83' lang='lat' dir='ltr'><strong>contrahentes</strong></span> 
     </span>
    </p>
   </div>
   <div class='ocr_carea' id='block_1_3' title="bbox 154 2492 1114 2589">
    <p class='ocr_par' dir='ltr' id='par_1_8' title="bbox 154 2492 1114 2589">
     <span class='ocr_line' id='line_1_24' title="bbox 154 2492 1114 2589; baseline 0 -23"><span class='ocrx_word' id='word_1_192' title='bbox 154 2501 278 2582; x_wconf 89' lang='lat' dir='ltr'><strong>aliquid</strong></span> <span class='ocrx_word' id='word_1_193' title='bbox 301 2521 364 2568; x_wconf 93' lang='lat' dir='ltr'><strong>non</strong></span> <span class='ocrx_word' id='word_1_194' title='bbox 387 2506 572 2583; x_wconf 86' lang='lat' dir='ltr'><strong>praestetur</strong></span> <span class='ocrx_word' id='word_1_195' title='bbox 593 2501 784 2581; x_wconf 83' lang='lat' dir='ltr'><strong>promissum</strong></span> <span class='ocrx_word' id='word_1_196' title='bbox 809 2492 869 2589; x_wconf 90' lang='lat' dir='ltr'><strong>(H.</strong></span> <span class='ocrx_word' id='word_1_197' title='bbox 894 2499 946 2566; x_wconf 81' lang='lat'><strong>35.</strong></span> <span class='ocrx_word' id='word_1_198' title='bbox 973 2500 1015 2564; x_wconf 90' lang='lat' dir='ltr'><strong>H.</strong></span> <span class='ocrx_word' id='word_1_199' title='bbox 1039 2493 1114 2580; x_wconf 83' lang='lat'><strong><em>36.)</em></strong></span> 
     </span>
    </p>
   </div>
   <div class='ocr_carea' id='block_1_4' title="bbox 602 2690 890 2764">
    <p class='ocr_par' dir='ltr' id='par_1_9' title="bbox 602 2690 890 2764">
     <span class='ocr_line' id='line_1_25' title="bbox 602 2690 890 2764; baseline -0.007 0"><span class='ocrx_word' id='word_1_200' title='bbox 602 2691 665 2764; x_wconf 81' lang='lat' dir='ltr'><strong>Dc</strong></span> <span class='ocrx_word' id='word_1_201' title='bbox 689 2690 890 2764; x_wconf 78' lang='lat' dir='ltr'><strong>homicidio.</strong></span> 
     </span>
    </p>
   </div>
   <div class='ocr_carea' id='block_1_5' title="bbox 108 2815 1348 4319">
    <p class='ocr_par' dir='ltr' id='par_1_10' title="bbox 156 2815 1348 3439">
     <span class='ocr_line' id='line_1_26' title="bbox 255 2815 1346 2912; baseline 0.002 -18"><span class='ocrx_word' id='word_1_202' title='bbox 255 2815 470 2896; x_wconf 84' lang='lat' dir='ltr'><strong>Homicidium</strong></span> <span class='ocrx_word' id='word_1_203' title='bbox 492 2832 598 2897; x_wconf 87' lang='lat' dir='ltr'><strong>notius</strong></span> <span class='ocrx_word' id='word_1_204' title='bbox 622 2836 673 2896; x_wconf 91' lang='lat' dir='ltr'><strong>est</strong></span> <span class='ocrx_word' id='word_1_205' title='bbox 688 2848 781 2910; x_wconf 89' lang='lat' dir='ltr'><strong>quam</strong></span> <span class='ocrx_word' id='word_1_206' title='bbox 802 2835 839 2896; x_wconf 90' lang='lat' dir='ltr'><strong>ut</strong></span> <span class='ocrx_word' id='word_1_207' title='bbox 859 2830 1038 2896; x_wconf 88' lang='lat' dir='ltr'><strong>definiatur.</strong></span> <span class='ocrx_word' id='word_1_208' title='bbox 1062 2831 1107 2896; x_wconf 87' lang='lat' dir='ltr'><strong>Et</strong></span> <span class='ocrx_word' id='word_1_209' title='bbox 1123 2831 1239 2896; x_wconf 90' lang='lat' dir='ltr'><strong>dicitur</strong></span> <span class='ocrx_word' id='word_1_210' title='bbox 1255 2823 1346 2912; x_wconf 89' lang='lat' dir='ltr'><strong>quasi</strong></span> 
     </span>
     <span class='ocr_line' id='line_1_27' title="bbox 157 2918 1345 3000; baseline 0 -16"><span class='ocrx_word' id='word_1_211' title='bbox 157 2919 295 2985; x_wconf 89' lang='lat' dir='ltr'><strong>hominis</strong></span> <span class='ocrx_word' id='word_1_212' title='bbox 312 2919 437 2985; x_wconf 89' lang='lat' dir='ltr'><strong>occisio.</strong></span> <span class='ocrx_word' id='word_1_213' title='bbox 460 2919 510 2984; x_wconf 88' lang='lat' dir='ltr'><strong>De</strong></span> <span class='ocrx_word' id='word_1_214' title='bbox 527 2919 603 3000; x_wconf 88' lang='lat' dir='ltr'><strong>jure</strong></span> <span class='ocrx_word' id='word_1_215' title='bbox 625 2924 735 2985; x_wconf 91' lang='lat' dir='ltr'><strong>nostro</strong></span> <span class='ocrx_word' id='word_1_216' title='bbox 759 2924 809 2983; x_wconf 89' lang='lat' dir='ltr'><strong>est</strong></span> <span class='ocrx_word' id='word_1_217' title='bbox 832 2923 888 2984; x_wconf 92' lang='lat' dir='ltr'><strong>aut</strong></span> <span class='ocrx_word' id='word_1_218' title='bbox 910 2923 1011 3000; x_wconf 77' lang='lat' dir='ltr'><strong>atros,</strong></span> <span class='ocrx_word' id='word_1_219' title='bbox 1028 2919 1113 2999; x_wconf 94' lang='lat' dir='ltr'><strong>quod</strong></span> <span class='ocrx_word' id='word_1_220' title='bbox 1136 2918 1272 3000; x_wconf 91' lang='lat' dir='ltr'><strong>spolium</strong></span> <span class='ocrx_word' id='word_1_221' title='bbox 1295 2919 1345 2984; x_wconf 87' lang='lat' dir='ltr'><strong>vel</strong></span> 
     </span>
     <span class='ocr_line' id='line_1_28' title="bbox 156 3006 1346 3089; baseline -0.003 -16"><span class='ocrx_word' id='word_1_222' title='bbox 156 3010 304 3089; x_wconf 90' lang='lat' dir='ltr'><strong>rapinam</strong></span> <span class='ocrx_word' id='word_1_223' title='bbox 321 3006 522 3085; x_wconf 88' lang='lat' dir='ltr'><strong>conjunctam</strong></span> <span class='ocrx_word' id='word_1_224' title='bbox 538 3007 647 3085; x_wconf 84' lang='lat' dir='ltr'><strong>habet,</strong></span> <span class='ocrx_word' id='word_1_225' title='bbox 673 3022 700 3068; x_wconf 85' lang='lat' dir='ltr'><strong>m</strong></span> <span class='ocrx_word' id='word_1_226' title='bbox 711 3007 791 3086; x_wconf 81' lang='lat' dir='ltr'><strong>ort3</strong></span> <span class='ocrx_word' id='word_1_227' title='bbox 815 3012 872 3070; x_wconf 92' lang='lat' dir='ltr'><strong>aut</strong></span> <span class='ocrx_word' id='word_1_228' title='bbox 893 3006 996 3071; x_wconf 87' lang='lat' dir='ltr'><strong>minus</strong></span> <span class='ocrx_word' id='word_1_229' title='bbox 1011 3013 1115 3087; x_wconf 82' lang='lat' dir='ltr'><strong>atrox,</strong></span> <span class='ocrx_word' id='word_1_230' title='bbox 1131 3006 1216 3088; x_wconf 95' lang='lat' dir='ltr'><strong>quod</strong></span> <span class='ocrx_word' id='word_1_231' title='bbox 1232 3006 1346 3087; x_wconf 88' lang='lat' dir='ltr'><strong>rapina</strong></span> 
     </span>
     <span class='ocr_line' id='line_1_29' title="bbox 157 3084 1345 3176; baseline -0.003 -15"><span class='ocrx_word' id='word_1_232' title='bbox 157 3100 258 3174; x_wconf 89' lang='lat' dir='ltr'><strong>caret,</strong></span> <span class='ocrx_word' id='word_1_233' title='bbox 276 3087 426 3176; x_wconf 59' lang='lat' dir='ltr'><strong>territo.</strong></span> <span class='ocrx_word' id='word_1_234' title='bbox 450 3084 511 3173; x_wconf 90' lang='lat' dir='ltr'><strong>(N.</strong></span> <span class='ocrx_word' id='word_1_235' title='bbox 526 3084 609 3175; x_wconf 85' lang='grc'><strong><em>28).</em></strong></span> <span class='ocrx_word' id='word_1_236' title='bbox 635 3094 762 3159; x_wconf 89' lang='lat' dir='ltr'><strong>Primae</strong></span> <span class='ocrx_word' id='word_1_237' title='bbox 779 3095 898 3176; x_wconf 86' lang='lat' dir='ltr'><strong>speciei</strong></span> <span class='ocrx_word' id='word_1_238' title='bbox 912 3094 1071 3160; x_wconf 89' lang='lat' dir='ltr'><strong>homicida</strong></span> <span class='ocrx_word' id='word_1_239' title='bbox 1086 3113 1168 3176; x_wconf 88' lang='lat' dir='ltr'><strong>equo</strong></span> <span class='ocrx_word' id='word_1_240' title='bbox 1185 3092 1345 3175; x_wconf 77' lang='lat' dir='ltr'><strong>affigatur,</strong></span> 
     </span>
     <span class='ocr_line' id='line_1_30' title="bbox 158 3181 1348 3262; baseline 0.001 -16"><span class='ocrx_word' id='word_1_241' title='bbox 158 3183 200 3247; x_wconf 90' lang='lat' dir='ltr'><strong>ad</strong></span> <span class='ocrx_word' id='word_1_242' title='bbox 239 3182 429 3262; x_wconf 91' lang='lat' dir='ltr'><strong>suplicium</strong></span> <span class='ocrx_word' id='word_1_243' title='bbox 466 3181 607 3247; x_wconf 89' lang='lat' dir='ltr'><strong>trahitur</strong></span> <span class='ocrx_word' id='word_1_244' title='bbox 644 3187 677 3247; x_wconf 90' lang='lat' dir='ltr'><strong>et</strong></span> <span class='ocrx_word' id='word_1_245' title='bbox 714 3183 854 3247; x_wconf 90' lang='lat' dir='ltr'><strong>contusis</strong></span> <span class='ocrx_word' id='word_1_246' title='bbox 890 3182 1014 3247; x_wconf 90' lang='lat' dir='ltr'><strong>ossibus</strong></span> <span class='ocrx_word' id='word_1_247' title='bbox 1048 3187 1140 3249; x_wconf 90' lang='lat' dir='ltr'><strong>rotae</strong></span> <span class='ocrx_word' id='word_1_248' title='bbox 1173 3183 1348 3262; x_wconf 86' lang='lat' dir='ltr'><strong>imponitur</strong></span> 
     </span>
     <span class='ocr_line' id='line_1_31' title="bbox 156 3201 1343 3439; baseline -0.002 -103"><span class='ocrx_word' id='word_1_249' title='bbox 156 3263 221 3423; x_wconf 40' lang='grc' dir='ltr'><strong>ΞΝ.</strong></span> <span class='ocrx_word' id='word_1_250' title='bbox 237 3201 542 3439; x_wconf 43' lang='grc' dir='ltr'><strong>361),ἓὺρὲ8566063</strong></span> <span class='ocrx_word' id='word_1_251' title='bbox 566 3289 642 3337; x_wconf 87' lang='lat' dir='ltr'><strong>vero</strong></span> <span class='ocrx_word' id='word_1_252' title='bbox 666 3270 786 3351; x_wconf 87' lang='lat' dir='ltr'><strong>speciei</strong></span> <span class='ocrx_word' id='word_1_253' title='bbox 809 3271 922 3336; x_wconf 89' lang='lat' dir='ltr'><strong>saltem</strong></span> <span class='ocrx_word' id='word_1_254' title='bbox 939 3270 1045 3351; x_wconf 84' lang='lat' dir='ltr'><strong>gladio</strong></span> <span class='ocrx_word' id='word_1_255' title='bbox 1068 3271 1201 3351; x_wconf 90' lang='lat' dir='ltr'><strong>punitur</strong></span> <span class='ocrx_word' id='word_1_256' title='bbox 1216 3261 1238 3349; x_wconf 88' lang='lat'><em>(</em></span> <span class='ocrx_word' id='word_1_257' title='bbox 1235 3269 1280 3334; x_wconf 92' lang='lat' dir='ltr'><strong>N.</strong></span> <span class='ocrx_word' id='word_1_258' title='bbox 1291 3268 1343 3334; x_wconf 84' lang='lat'><strong>31.</strong></span> 
     </span>
    </p>

    <p class='ocr_par' dir='ltr' id='par_1_11' title="bbox 191 3359 411 3425">
     <span class='ocr_line' id='line_1_32' title="bbox 191 3359 411 3425; baseline 0.005 -1"><span class='ocrx_word' id='word_1_259' title='bbox 191 3359 244 3424; x_wconf 78' lang='lat' dir='ltr'><strong>iat.</strong></span> <span class='ocrx_word' id='word_1_260' title='bbox 295 3409 301 3422; x_wconf 93' lang='lat'><strong><em>.</em></strong></span> <span class='ocrx_word' id='word_1_261' title='bbox 403 3411 411 3425; x_wconf 95' lang='lat'><strong><em>.</em></strong></span> 
     </span>
    </p>

    <p class='ocr_par' dir='ltr' id='par_1_12' title="bbox 122 3445 1346 4056">
     <span class='ocr_line' id='line_1_33' title="bbox 256 3445 1346 3528; baseline 0.001 -18"><span class='ocrx_word' id='word_1_262' title='bbox 256 3446 471 3512; x_wconf 90' lang='lat' dir='ltr'><strong>Homicidium</strong></span> <span class='ocrx_word' id='word_1_263' title='bbox 507 3445 715 3512; x_wconf 86' lang='lat' dir='ltr'><strong>committitur</strong></span> <span class='ocrx_word' id='word_1_264' title='bbox 750 3447 856 3512; x_wconf 88' lang='lat' dir='ltr'><strong>multis</strong></span> <span class='ocrx_word' id='word_1_265' title='bbox 891 3449 1008 3513; x_wconf 91' lang='lat' dir='ltr'><strong>modis:</strong></span> <span class='ocrx_word' id='word_1_266' title='bbox 1042 3447 1129 3528; x_wconf 88' lang='lat' dir='ltr'><strong>Telo,</strong></span> <span class='ocrx_word' id='word_1_267' title='bbox 1163 3453 1198 3511; x_wconf 94' lang='lat' dir='ltr'><strong>ut</strong></span> <span class='ocrx_word' id='word_1_268' title='bbox 1226 3445 1346 3512; x_wconf 87' lang='lat' dir='ltr'><strong>dictum</strong></span> 
     </span>
     <span class='ocr_line' id='line_1_34' title="bbox 159 3534 1346 3616; baseline -0.002 -17"><span class='ocrx_word' id='word_1_269' title='bbox 159 3539 225 3611; x_wconf 81' lang='lat' dir='ltr'><strong>est3</strong></span> <span class='ocrx_word' id='word_1_270' title='bbox 261 3553 394 3613; x_wconf 88' lang='lat' dir='ltr'><strong>veneno,</strong></span> <span class='ocrx_word' id='word_1_271' title='bbox 429 3541 465 3600; x_wconf 93' lang='lat' dir='ltr'><strong>ut</strong></span> <span class='ocrx_word' id='word_1_272' title='bbox 494 3534 614 3614; x_wconf 89' lang='lat' dir='ltr'><strong>siquis</strong></span> <span class='ocrx_word' id='word_1_273' title='bbox 642 3535 727 3598; x_wconf 90' lang='lat' dir='ltr'><strong>mala</strong></span> <span class='ocrx_word' id='word_1_274' title='bbox 755 3535 885 3615; x_wconf 91' lang='lat' dir='ltr'><strong>potione</strong></span> <span class='ocrx_word' id='word_1_275' title='bbox 915 3536 1053 3615; x_wconf 84' lang='lat' dir='ltr'><strong>aliquem</strong></span> <span class='ocrx_word' id='word_1_276' title='bbox 1084 3537 1260 3616; x_wconf 84' lang='lat' dir='ltr'><strong>extinguat,</strong></span> <span class='ocrx_word' id='word_1_277' title='bbox 1296 3534 1346 3599; x_wconf 88' lang='lat' dir='ltr'><strong>vel</strong></span> 
     </span>
     <span class='ocr_line' id='line_1_35' title="bbox 122 3621 1346 3704; baseline 0.001 -21"><span class='ocrx_word' id='word_1_278' title='bbox 122 3677 125 3683; x_wconf 85' lang='lat'><strong><em>.</em></strong></span> <span class='ocrx_word' id='word_1_279' title='bbox 157 3621 276 3694; x_wconf 89' lang='lat' dir='ltr'><strong>foetum</strong></span> <span class='ocrx_word' id='word_1_280' title='bbox 300 3621 419 3687; x_wconf 85' lang='lat' dir='ltr'><strong>illicitis</strong></span> <span class='ocrx_word' id='word_1_281' title='bbox 442 3623 555 3688; x_wconf 91' lang='lat' dir='ltr'><strong>mediis</strong></span> <span class='ocrx_word' id='word_1_282' title='bbox 578 3622 667 3703; x_wconf 82' lang='lat' dir='ltr'><strong>virgo</strong></span> <span class='ocrx_word' id='word_1_283' title='bbox 697 3628 753 3687; x_wconf 92' lang='lat' dir='ltr'><strong>aut</strong></span> <span class='ocrx_word' id='word_1_284' title='bbox 775 3622 872 3687; x_wconf 92' lang='lat' dir='ltr'><strong>vidua</strong></span> <span class='ocrx_word' id='word_1_285' title='bbox 894 3624 1036 3704; x_wconf 85' lang='lat' dir='ltr'><strong>expellat</strong></span> <span class='ocrx_word' id='word_1_286' title='bbox 1064 3625 1173 3690; x_wconf 87' lang='lat' dir='ltr'><strong>autin</strong></span> <span class='ocrx_word' id='word_1_287' title='bbox 1196 3622 1346 3686; x_wconf 88' lang='lat' dir='ltr'><strong>latrinam</strong></span> 
     </span>
     <span class='ocr_line' id='line_1_36' title="bbox 159 3700 1345 3793; baseline 0 -21"><span class='ocrx_word' id='word_1_288' title='bbox 159 3709 210 3774; x_wconf 89' lang='lat' dir='ltr'><strong>vel</strong></span> <span class='ocrx_word' id='word_1_289' title='bbox 233 3715 365 3791; x_wconf 83' lang='lat' dir='ltr'><strong>puteum</strong></span> <span class='ocrx_word' id='word_1_290' title='bbox 389 3711 537 3775; x_wconf 90' lang='lat' dir='ltr'><strong>demittat</strong></span> <span class='ocrx_word' id='word_1_291' title='bbox 561 3701 622 3792; x_wconf 91' lang='lat' dir='ltr'><strong>(N.</strong></span> <span class='ocrx_word' id='word_1_292' title='bbox 640 3700 714 3791; x_wconf 85' lang='lat'><strong><em>35.)</em></strong></span> <span class='ocrx_word' id='word_1_293' title='bbox 749 3710 915 3787; x_wconf 87' lang='lat' dir='ltr'><strong>Ejusmodi</strong></span> <span class='ocrx_word' id='word_1_294' title='bbox 938 3712 1097 3777; x_wconf 91' lang='lat' dir='ltr'><strong>homicida</strong></span> <span class='ocrx_word' id='word_1_295' title='bbox 1119 3730 1178 3793; x_wconf 92' lang='lat' dir='ltr'><strong>pro</strong></span> <span class='ocrx_word' id='word_1_296' title='bbox 1194 3709 1345 3775; x_wconf 89' lang='lat' dir='ltr'><strong>aestima·</strong></span> 
     </span>
     <span class='ocr_line' id='line_1_37' title="bbox 157 3789 1344 3880; baseline -0.003 -17"><span class='ocrx_word' id='word_1_297' title='bbox 157 3799 244 3863; x_wconf 88' lang='lat' dir='ltr'><strong>tione</strong></span> <span class='ocrx_word' id='word_1_298' title='bbox 257 3797 401 3877; x_wconf 89' lang='lat' dir='ltr'><strong>judicum</strong></span> <span class='ocrx_word' id='word_1_299' title='bbox 418 3798 601 3879; x_wconf 87' lang='lat' dir='ltr'><strong>capitaliter</strong></span> <span class='ocrx_word' id='word_1_300' title='bbox 615 3799 748 3879; x_wconf 89' lang='lat' dir='ltr'><strong>punitur</strong></span> <span class='ocrx_word' id='word_1_301' title='bbox 764 3789 825 3874; x_wconf 88' lang='lat' dir='ltr'><strong>(N.</strong></span> <span class='ocrx_word' id='word_1_302' title='bbox 842 3791 924 3879; x_wconf 82' lang='grc'><strong><em>36.)</em></strong></span> <span class='ocrx_word' id='word_1_303' title='bbox 950 3800 982 3864; x_wconf 91' lang='lat' dir='ltr'><strong>Is</strong></span> <span class='ocrx_word' id='word_1_304' title='bbox 999 3819 1124 3880; x_wconf 91' lang='lat' dir='ltr'><strong>quoque</strong></span> <span class='ocrx_word' id='word_1_305' title='bbox 1140 3797 1344 3870; x_wconf 89' lang='lat' dir='ltr'><strong>homicidium</strong></span> 
     </span>
     <span class='ocr_line' id='line_1_38' title="bbox 156 3886 1344 3968; baseline 0 -19"><span class='ocrx_word' id='word_1_306' title='bbox 156 3886 335 3961; x_wconf 82' lang='lat' dir='ltr'><strong>committit,</strong></span> <span class='ocrx_word' id='word_1_307' title='bbox 372 3886 426 3966; x_wconf 90' lang='lat' dir='ltr'><strong>qui</strong></span> <span class='ocrx_word' id='word_1_308' title='bbox 454 3887 586 3950; x_wconf 89' lang='lat' dir='ltr'><strong>mandat</strong></span> <span class='ocrx_word' id='word_1_309' title='bbox 621 3886 671 3950; x_wconf 89' lang='lat' dir='ltr'><strong>vel</strong></span> <span class='ocrx_word' id='word_1_310' title='bbox 700 3904 828 3951; x_wconf 88' lang='lat' dir='ltr'><strong>causam</strong></span> <span class='ocrx_word' id='word_1_311' title='bbox 859 3888 1006 3968; x_wconf 88' lang='lat' dir='ltr'><strong>praebet,</strong></span> <span class='ocrx_word' id='word_1_312' title='bbox 1036 3893 1073 3952; x_wconf 90' lang='lat' dir='ltr'><strong>ut</strong></span> <span class='ocrx_word' id='word_1_313' title='bbox 1102 3888 1216 3966; x_wconf 90' lang='lat' dir='ltr'><strong>aliquis</strong></span> <span class='ocrx_word' id='word_1_314' title='bbox 1245 3886 1344 3950; x_wconf 91' lang='lat' dir='ltr'><strong>inter·</strong></span> 
     </span>
     <span class='ocr_line' id='line_1_39' title="bbox 156 3965 611 4056; baseline 0.004 -20"><span class='ocrx_word' id='word_1_315' title='bbox 156 3965 611 4056; x_wconf 53' lang='lat' dir='ltr'><strong>MWOEQNW</strong></span> 
     </span>
    </p>

    <p class='ocr_par' dir='ltr' id='par_1_13' title="bbox 108 4059 1347 4319">
     <span class='ocr_line' id='line_1_40' title="bbox 257 4059 1346 4142; baseline -0.001 -17"><span class='ocrx_word' id='word_1_316' title='bbox 257 4059 319 4138; x_wconf 88' lang='lat' dir='ltr'><strong>Qui</strong></span> <span class='ocrx_word' id='word_1_317' title='bbox 348 4079 581 4142; x_wconf 78' lang='lat' dir='ltr'><strong>aggressorcm</strong></span> <span class='ocrx_word' id='word_1_318' title='bbox 612 4063 662 4127; x_wconf 87' lang='lat' dir='ltr'><strong>vel</strong></span> <span class='ocrx_word' id='word_1_319' title='bbox 694 4079 914 4142; x_wconf 88' lang='lat' dir='ltr'><strong>quemcunque</strong></span> <span class='ocrx_word' id='word_1_320' title='bbox 946 4063 1043 4127; x_wconf 90' lang='lat' dir='ltr'><strong>alium</strong></span> <span class='ocrx_word' id='word_1_321' title='bbox 1072 4063 1104 4126; x_wconf 93' lang='lat' dir='ltr'><strong>in</strong></span> <span class='ocrx_word' id='word_1_322' title='bbox 1134 4063 1230 4128; x_wconf 91' lang='lat' dir='ltr'><strong>dubio</strong></span> <span class='ocrx_word' id='word_1_323' title='bbox 1260 4061 1346 4124; x_wconf 89' lang='lat' dir='ltr'><strong>vitae</strong></span> 
     </span>
     <span class='ocr_line' id='line_1_41' title="bbox 108 4148 1347 4236; baseline -0.002 -23"><span class='ocrx_word' id='word_1_324' title='bbox 108 4225 113 4236; x_wconf 34' lang='lat'><strong><em>¹</em></strong></span> <span class='ocrx_word' id='word_1_325' title='bbox 157 4148 359 4230; x_wconf 89' lang='lat' dir='ltr'><strong>constitutus,</strong></span> <span class='ocrx_word' id='word_1_326' title='bbox 395 4151 559 4230; x_wconf 86' lang='lat' dir='ltr'><strong>occiderit,</strong></span> <span class='ocrx_word' id='word_1_327' title='bbox 596 4168 701 4231; x_wconf 86' lang='lat' dir='ltr'><strong>poena</strong></span> <span class='ocrx_word' id='word_1_328' title='bbox 735 4149 898 4215; x_wconf 88' lang='lat' dir='ltr'><strong>homicidii</strong></span> <span class='ocrx_word' id='word_1_329' title='bbox 926 4169 989 4215; x_wconf 92' lang='lat' dir='ltr'><strong>non</strong></span> <span class='ocrx_word' id='word_1_330' title='bbox 1019 4155 1156 4216; x_wconf 88' lang='lat' dir='ltr'><strong>tenetur.</strong></span> <span class='ocrx_word' id='word_1_331' title='bbox 1188 4149 1347 4215; x_wconf 88' lang='lat' dir='ltr'><strong>Defensor</strong></span> 
     </span>
     <span class='ocr_line' id='line_1_42' title="bbox 157 4226 1345 4319; baseline -0.001 -16"><span class='ocrx_word' id='word_1_332' title='bbox 157 4254 274 4317; x_wconf 89' lang='lat' dir='ltr'><strong>nempe</strong></span> <span class='ocrx_word' id='word_1_333' title='bbox 298 4239 449 4319; x_wconf 89' lang='lat' dir='ltr'><strong>propriae</strong></span> <span class='ocrx_word' id='word_1_334' title='bbox 473 4238 585 4304; x_wconf 89' lang='lat' dir='ltr'><strong>salutis</strong></span> <span class='ocrx_word' id='word_1_335' title='bbox 608 4239 640 4304; x_wconf 91' lang='lat' dir='ltr'><strong>in</strong></span> <span class='ocrx_word' id='word_1_336' title='bbox 663 4237 749 4303; x_wconf 92' lang='lat' dir='ltr'><strong>nullo</strong></span> <span class='ocrx_word' id='word_1_337' title='bbox 765 4256 903 4319; x_wconf 88' lang='lat' dir='ltr'><strong>peccare</strong></span> <span class='ocrx_word' id='word_1_338' title='bbox 926 4238 1054 4303; x_wconf 88' lang='lat' dir='ltr'><strong>videtur</strong></span> <span class='ocrx_word' id='word_1_339' title='bbox 1078 4228 1138 4318; x_wconf 89' lang='lat' dir='ltr'><strong>(N.</strong></span> <span class='ocrx_word' id='word_1_340' title='bbox 1153 4240 1204 4304; x_wconf 83' lang='grc'><strong>16.</strong></span> <span class='ocrx_word' id='word_1_341' title='bbox 1224 4238 1256 4304; x_wconf 83' lang='lat' dir='ltr'><strong>S.</strong></span> <span class='ocrx_word' id='word_1_342' title='bbox 1273 4226 1345 4318; x_wconf 82' lang='grc'><strong><em>16.)</em></strong></span> 
     </span>
    </p>
   </div>
   <div class='ocr_carea' id='block_1_6' title="bbox 254 4345 1126 4518">
    <p class='ocr_par' dir='ltr' id='par_1_14' title="bbox 254 4345 1126 4518">
     <span class='ocr_line' id='line_1_43' title="bbox 254 4345 911 4428; baseline 0.009 -18"><span class='ocrx_word' id='word_1_343' title='bbox 254 4345 327 4412; x_wconf 88' lang='lat' dir='ltr'><strong>Huc</strong></span> <span class='ocrx_word' id='word_1_344' title='bbox 350 4345 405 4412; x_wconf 88' lang='lat' dir='ltr'><strong>illa</strong></span> <span class='ocrx_word' id='word_1_345' title='bbox 427 4348 605 4428; x_wconf 87' lang='lat' dir='ltr'><strong>pertinent:</strong></span> <span class='ocrx_word' id='word_1_346' title='bbox 908 4411 911 4416; x_wconf 82' lang='lat'><strong><em>.</em></strong></span> 
     </span>
     <span class='ocr_line' id='line_1_44' title="bbox 254 4433 1126 4518; baseline 0.009 -20"><span class='ocrx_word' id='word_1_347' title='bbox 254 4433 383 4503; x_wconf 89' lang='lat' dir='ltr'><strong>Pellere</strong></span> <span class='ocrx_word' id='word_1_348' title='bbox 405 4436 467 4500; x_wconf 89' lang='lat' dir='ltr'><strong>vim</strong></span> <span class='ocrx_word' id='word_1_349' title='bbox 491 4437 532 4518; x_wconf 89' lang='lat' dir='ltr'><strong>vi,</strong></span> <span class='ocrx_word' id='word_1_350' title='bbox 553 4435 629 4517; x_wconf 89' lang='lat' dir='ltr'><strong>jura</strong></span> <span class='ocrx_word' id='word_1_351' title='bbox 651 4437 769 4516; x_wconf 85' lang='lat' dir='ltr'><strong>sinunt,</strong></span> <span class='ocrx_word' id='word_1_352' title='bbox 793 4441 827 4502; x_wconf 90' lang='lat' dir='ltr'><strong>et</strong></span> <span class='ocrx_word' id='word_1_353' title='bbox 849 4436 981 4503; x_wconf 90' lang='lat' dir='ltr'><strong>vulnere</strong></span> <span class='ocrx_word' id='word_1_354' title='bbox 1003 4437 1126 4506; x_wconf 88' lang='lat' dir='ltr'><strong>vulnus.</strong></span> 
     </span>
    </p>
   </div>
   <div class='ocr_carea' id='block_1_7' title="bbox 0 0 1610 5008">
    <p class='ocr_par' dir='ltr' id='par_1_15' title="bbox 0 0 1610 5008">
     <span class='ocr_line' id='line_1_45' title="bbox 0 0 1610 5008; baseline 0 0"><span class='ocrx_word' id='word_1_355' title='bbox 0 0 1610 5008; x_wconf 95' lang='lat' dir='ltr'><strong> </strong></span> 
     </span>
    </p>
   </div>
  </div>
 </body>
</html>
