3270 5020
226 410 291 480 270
755 409 922 496 secusiaN

228 550 400 633 proximus.
433 550 553 618 Causas
580 555 612 618 in
646 569 684 616 eo
713 552 817 617 nullas
846 571 913 619 mos
936 559 986 619 est
1008 551 1127 632 agitari
1150 549 1238 629 alias,
1269 553 1414 629 praeter-

230 658 325 721 quam
358 639 398 704 de
429 640 542 719 quibus
575 639 645 705 aliis
675 641 708 705 in
737 641 815 705 locis
846 659 954 706 eoram
985 642 1116 722 paribus
1145 639 1253 703 curiae
1276 639 1418 718 experiri

233 745 300 793 mos
331 731 389 805 est,
421 734 454 794 et
476 746 560 808 quae
583 728 716 793 clientes
739 731 855 809 regios,
889 729 1034 810 bonaque
1058 729 1206 795 vacantia
1230 743 1267 790 ac
1291 729 1416 792 contro·

233 816 354 882 versias
376 814 520 881 feudales
544 817 713 896 attingunt.
737 816 908 882 Praesidet
931 817 1004 882 huic
1026 815 1190 894 tribunali,
1213 831 1331 895 resque
1349 815 1417 895 eJus

231 905 422 970 moderatur
444 904 550 969 ludex
580 904 687 970 curiae
714 906 838 985 Regiae
869 924 1047 987 supremus,
1082 906 1115 969 in
1148 902 1238 984 cujus
1273 903 1418 969 custodia

230 997 304 1060 suut
325 991 465 1072 tabulae,
490 1012 568 1072 quas
591 990 719 1058 dulicas
743 1013 799 1058 seu
823 994 967 1059 Ceriales
991 998 1115 1072 vocant,
1138 991 1308 1058 feudorum
1330 989 1416 1057 intra

231 1080 323 1162 regni
354 1078 433 1146 fines
462 1081 595 1147 sitorum
627 1082 869 1162 descriptiones
901 1084 1110 1148 investiturae
1140 1085 1416 1160 monumentaque,

232 1176 266 1234 et
287 1174 362 1235 acta
383 1169 510 1249 publica
533 1170 566 1234 id
590 1187 690 1248 genus
714 1171 829 1233 omnia.
862 1170 982 1236 Nostra
1004 1171 1110 1236 adhuc
1133 1169 1286 1233 memoria
1308 1168 1417 1234 simili-

232 1259 291 1324 bus
321 1259 355 1322 in
386 1257 491 1322 causis
522 1258 610 1323 locus
640 1258 735 1322 simili
762 1257 883 1338 judicio
912 1257 972 1323 fuit
1002 1259 1035 1322 in
1062 1256 1213 1322 Tacbovo
1245 1275 1331 1337 erce,
1362 1257 1418 1322 sed

232 1347 409 1426 antiquavit
430 1346 463 1411 id
487 1345 527 1411 de
552 1345 708 1410 Ordinem
732 1365 865 1412 assensu
888 1347 1074 1427 Rudolpbus
1098 1347 1167 1410 Rex
1189 1338 1223 1425 ¹).

329 1434 385 1498 IV.
408 1433 520 1514 Regiis
543 1433 624 1500 hisei
644 1433 772 1512 judiciis
796 1435 1022 1516 aequipollent,
1045 1433 1095 1499 vel
1119 1434 1152 1498 irr
1174 1434 1333 1498 nonnullis
1354 1432 1420 1498 ior-

234 1530 318 1589 tssse
353 1520 584 1602 quodammodo
619 1521 814 1588 antecellunt
845 1523 1037 1602 Terrestris,
1076 1541 1157 1605 quae
1191 1527 1314 1602 vocant,
1353 1523 1420 1604 sive

232 1612 336 1690 Regni
359 1610 532 1678 disasteria
555 1601 714 1691 (plerique
738 1628 800 1674 uon
823 1614 957 1693 propria
980 1629 1057 1676 voce
1081 1611 1288 1694 provincialia
1311 1609 1417 1692 appel-

231 1690 323 1778 lant),
348 1718 368 1762 a
390 1699 504 1778 quibus
526 1698 677 1764 nobilitas
700 1705 845 1764 veterum
863 1699 1067 1778 Bojemorum
1083 1702 1195 1778 omnis,
1218 1717 1281 1763 non
1296 1701 1419 1764 tanturn

232 1787 303 1868 ipsa
326 1786 397 1867 sibi,
422 1787 550 1852 nemine
574 1793 720 1866 excepto,
744 1789 800 1852 sed
824 1793 859 1852 et
879 1790 1027 1869 principi,
1050 1806 1200 1868 supremo
1218 1787 1421 1867 magistratui

233 1893 300 1953 suo,
324 1877 356 1938 in
381 1876 526 1964 mertinis
550 1892 652 1954 aeque
677 1894 714 1939 ae
731 1877 955 1942 minutioribus
970 1877 1108 1958 negotiis
1125 1877 1313 1958 quibusque,
1338 1893 1420 1955 quae

235 1963 355 2043 absque
377 1962 438 2028 lori
462 1963 599 2043 strepitu
623 1965 882 2044 compositionem
906 1969 1110 2045 respuerent,
1137 1965 1190 2046 jus
1220 1963 1283 2028 dici
1312 1962 1418 2042 voluit,

235 2068 381 2132 quaeque
404 2056 565 2132 potestate
587 2057 677 2117 tante
700 2058 796 2132 atque
820 2053 1017 2119 authoritate
1041 2053 1186 2132 armavit,
1216 2057 1252 2117 ut
1280 2069 1373 2117 nemo
1402 2070 1419 2116 e

233 2142 325 2220 regni
353 2139 463 2205 ineolis
495 2141 526 2205 ei
556 2159 591 2206 se
621 2159 682 2220 per
705 2143 936 2207 contumaciam
960 2143 1102 2206 eximere
1126 2146 1231 2221 queat.
1264 2140 1419 2220 Exemplo

234 2234 309 2293 sunt
331 2227 470 2294 Comites
495 2226 634 2308 Slicchii,
661 2230 716 2309 qui
740 2249 811 2295 curn
832 2229 937 2294 torum
959 2230 1020 2295 hoc
1044 2229 1206 2295 declinare
1229 2227 1420 2294 obstinatius

234 2317 309 2381 olim
337 2307 429 2396 (aaa.
458 2306 562 2398 1505)
592 2324 777 2398 pergerent,
807 2319 891 2384 bello
923 2339 958 2384 se
989 2316 1121 2397 difficili,
1152 2315 1420 2395 incommodisque

234 2403 384 2483 gravibus
406 2405 617 2470 involverunt.
645 2403 785 2469 Primum
809 2407 896 2470 inter
918 2406 973 2471 illa
996 2412 1046 2472 est
1068 2405 1209 2471 tribunal
1228 2402 1420 2484 judiciorum

235 2493 498 2572 Burggrsviatus‚
522 2493 618 2560 Saud
627 2491 852 2579 Purlrabslrp',
877 2495 961 2574 quod
987 2500 1021 2559 et
1042 2497 1146 2576 ipsum
1169 2497 1219 2558 est
1241 2494 1419 2573 geminum:

236 2580 328 2646 Prius
345 2581 598 2661 Burggraviatus
615 2581 787 2661 Pragensis
810 2585 961 2664 supremi,
986 2585 1146 2662 posterius
1169 2581 1420 2660 Burggraviatus

238 2671 270 2733 in
288 2670 451 2748 provincia
466 2670 676 2734 Hradecensi.
701 2669 822 2734 Sedent
843 2671 875 2734 in
899 2670 960 2735 boc
981 2671 1117 2750 perinde
1140 2689 1178 2734 ao
1191 2670 1224 2733 in
1240 2669 1293 2733 illo
1309 2686 1421 2734 secun-

238 2757 313 2820 dum
345 2758 466 2822 concilii
497 2759 598 2846 onmis
626 2757 861 2822 moderatorem
885 2758 1127 2840 Burggravium,
1158 2750 1362 2835 συμβθλεῦται
1383 2774 1422 2820 ex

236 2845 390 2924 Equestri
420 2845 532 2910 ordine
563 2850 599 2910 ut
628 2846 790 2909 minimum
820 2867 886 2926 sex,
919 2852 1174 2927 cognoscuntque
1198 2845 1237 2910 de
1261 2845 1422 2925 quibusvis

234 2933 405 3013 propositis
425 2935 457 2997 iu
476 2932 596 3011 judicio
621 2940 655 2998 et
678 2934 719 2998 ad
742 2933 909 2999 formulam
921 2935 995 3015 jure
1011 2935 1244 3016 praescriptam
1261 2932 1423 3012 conceptis
1490 2990 1494 2996 .

236 3020 401 3086 literarum
426 3021 653 3099 contractibus,
685 3022 789 3101 deque
813 3023 1004 3087 revocandis
1028 3043 1067 3087 ex
1089 3041 1199 3088 eorunr
1223 3024 1422 3087 contractum

233 3127 354 3187 genere
388 3111 471 3174 uatis
505 3108 775 3188 satisdationibus,
813 3111 853 3174 de
887 3110 979 3175 lactis
1014 3112 1072 3175 sub
1107 3127 1209 3192 poena
1244 3108 1422 3174 voluntaria

233 3197 414 3276 tabulisque
445 3194 538 3276 hujus
565 3196 678 3274 judicii
709 3198 837 3263 insertis
867 3197 1124 3279 obligationibus,
1159 3198 1200 3262 de
1224 3195 1362 3262 confusis
1384 3213 1422 3260 ac

137 3358 139 3362 ,
234 3285 407 3366 illegitimis
431 3285 708 3364 arrestationibuS,
741 3286 782 3350 de
814 3287 1032 3367 compellendo
1059 3292 1132 3367 pest
1154 3303 1224 3351 rem
1244 3284 1420 3365 judicatam

233 3373 396 3438 creditore
428 3373 468 3438 ad
498 3371 640 3438 rationes
668 3374 709 3437 de
732 3374 910 3439 nominibus
935 3394 1005 3438 cum
1030 3375 1176 3439 debitore
1199 3370 1420 3450 conferendas,

234 3461 339 3542 deque
363 3461 563 3527 cautionibus
586 3467 660 3542 post
683 3462 871 3526 solutionem
894 3462 1010 3527 iactam
1035 3461 1272 3543 dispungeudis.
1297 3461 1332 3524 lu
1345 3477 1417 3540 pro-

231 3549 335 3614 vincia
358 3548 558 3616 Hradecensi
588 3551 638 3615 vel
671 3550 774 3630 potius
801 3551 890 3614 urbis
914 3549 1029 3615 dotalis
1052 3549 1226 3630 primariae
1249 3567 1324 3613 arce
1347 3547 1419 3628 ipsa

231 3640 333 3718 regia,
365 3643 539 3704 erexerunt
566 3636 633 3715 jam
664 3638 737 3702 olim
770 3637 918 3717 nrajoreS,
950 3640 982 3702 in
1014 3639 1197 3719 reginarum
1230 3629 1277 3706 (ui
1298 3627 1418 3714 lallor),

233 3727 357 3790 maritis
379 3725 522 3807 Regibus
545 3725 773 3806 superstitiuin,
798 3726 1016 3805 dotalitiisque
1040 3725 1128 3791 bisce
1151 3745 1209 3806 pro
1232 3725 1305 3790 aula
1327 3729 1418 3790 uten-

233 3813 322 3892 tium,
352 3833 412 3878 nec
434 3815 466 3878 in
489 3814 597 3894 Reges
621 3831 823 3878 successores
847 3833 974 3895 semper·
997 3814 1080 3878 bene
1104 3815 1327 3892 animatorum,
1354 3812 1420 3877 sive

232 3901 368 3980 gratiam
399 3902 467 3967 sive
494 3901 659 3981 honorem,
691 3900 942 3981 provincialibus
971 3902 1082 3966 incolis
1111 3901 1215 3968 lorum
1246 3901 1418 3981 peculiare,

233 3989 264 4053 in
289 4009 350 4071 quo
373 3990 524 4070 persequi
543 3988 596 4068 jus
619 4008 710 4054 suum
736 3994 827 4055 actor
844 3990 997 4054 adversus
1013 4008 1105 4054 reum
1117 3989 1303 4069 jubebatur.
1327 3988 1420 4053 Tem-

233 4078 321 4157 poris
337 4078 465 4143 tandem
483 4095 668 4158 progressu,
692 4077 810 4142 lactum
834 4082 885 4143 est
907 4078 1048 4142 tribunal
1070 4077 1130 4142 boc
1152 4097 1192 4142 ex
1215 4075 1421 4143 tumultuario

177 4215 180 4221 .
233 4169 493 4248 temporarioque
517 4164 714 4230 ordinarium
740 4170 773 4230 et
795 4169 998 4246 perpetuum.
1023 4165 1236 4246 Cognoscitur
1256 4167 1365 4230 autern
1388 4165 1419 4228 in

231 4273 279 4334 eo,
311 4275 351 4320 ex
376 4255 451 4333 jure
480 4251 616 4318 necdum
645 4253 741 4334 plane
777 4254 939 4334 descripto
965 4245 1000 4334 ²),
1031 4253 1089 4319 sed
1113 4255 1232 4335 partim
1254 4258 1421 4332 terrestre,

335 4443 357 4511 ¹)
377 4443 473 4497 comit.
494 4459 557 4497 ann.
577 4446 655 4502 reos.
694 4440 718 4512 ²)
739 4443 834 4498 comis
855 4459 918 4500 ana
940 4447 1017 4501 roeo.
