3188 5008
678 457 734 548 rie
751 456 799 509 xr.
1293 456 1335 524 25

227 593 310 659 Hoc
330 612 394 658 non
414 595 572 675 contingit
593 595 649 674 illi,
674 596 728 674 qui
744 595 882 660 alienum
898 594 1031 660 fundum
1051 595 1155 658 sciens
1171 595 1332 675 possedit;

134 683 161 746 is
184 683 363 748 enimcum
385 681 482 747 fundo
499 684 596 748 etiam
613 683 745 763 fructus,
768 683 846 748 licet
863 685 927 748 siut
950 684 1137 762 consumpti,
1162 683 1333 747 restituere

135 772 285 851 cogitur;
311 770 386 850 quia
409 771 513 835 malae
537 769 614 836 fidei
636 789 805 852 possessor
826 790 989 852 nunquam
1013 771 1215 853 praescribit,
1248 771 1334 834 Hinc

135 857 213 924 illud
239 859 398 938 vulgare:
423 859 514 936 Quod
539 863 579 926 ab
603 860 694 926 initio
718 863 872 941 temporis
904 879 964 924 non
992 860 1131 940 obstitit,
1162 860 1195 923 id
1226 855 1333 924 tractu

139 949 297 1026 temporis
320 965 383 1010 non
407 949 603 1014 convalescit
625 938 684 1027 (F.
699 949 754 1028 26,
778 949 815 1012 F.
834 949 886 1013 27.
912 950 954 1014 H.
974 940 1047 1028 16.)

232 1035 317 1099 Jurc
341 1054 473 1108 romano
503 1055 557 1102 res
588 1037 720 1102 mobiles
752 1037 898 1116 triennio,
928 1036 1106 1101 immobiles
1128 1035 1213 1099 inter
1238 1053 1332 1115 prae-

134 1128 243 1186 sentes
281 1119 446 1200 (videlicet
462 1125 527 1205 ,qui
558 1125 590 1191 in
621 1127 739 1192 eadem
766 1127 932 1206 provincia
969 1123 1162 1190 domicilium
1199 1117 1334 1201 habent)

134 1211 306 1291 decennio,
329 1213 415 1277 inter
439 1214 591 1278 absentes
609 1232 684 1279 vero
702 1213 846 1278 vicennio
862 1214 1142 1294 usucapiebautur.
1166 1211 1260 1291 Apud
1276 1229 1334 1274 nos

136 1304 245 1364 antem
272 1301 313 1364 de
336 1300 415 1364 lure
434 1301 530 1380 Prag.
555 1303 640 1366 iuter
665 1321 781 1366 annum
805 1306 838 1366 et
861 1301 954 1380 diem,
988 1303 1027 1366 de
1051 1302 1130 1365 Jure
1154 1318 1231 1363 vero
1254 1300 1332 1362 Pro-

137 1387 269 1451 vinciali
305 1388 444 1453 triennio
479 1395 514 1454 et
549 1391 726 1455 octodecim
762 1389 1015 1454 hebdomadibus
1052 1383 1200 1468 (excepto
1229 1387 1335 1456 feudo.

139 1474 229 1563 cujus
253 1475 448 1540 investitura
482 1478 570 1542 intra
594 1497 711 1543 annum
735 1482 768 1541 et
791 1477 874 1540 diem
900 1495 1025 1557 quoque
1048 1477 1179 1558 petitur.
1203 1476 1249 1540 M.
1272 1466 1335 1554 40)

140 1563 376 1644 usucapiuntur
400 1555 455 1644 (F.
482 1566 534 1632 21.
566 1568 629 1631 Jus
645 1567 743 1631 Prov.
772 1567 814 1630 D.
839 1565 890 1630 37.
894 1557 923 1644 ).
948 1566 991 1629 Et
1014 1584 1074 1645 per
1099 1564 1183 1628 diem
1207 1564 1238 1627 in
1260 1563 1350 1644 jure,

141 1655 251 1716 nostro
269 1652 492 1732 intelliguntur
508 1673 565 1719 sex
580 1653 808 1733 hebdomades,
826 1672 907 1732 quae
925 1653 1087 1717 adduntur
1104 1671 1185 1716 anno
1208 1653 1334 1740 integre

140 1757 272 1804 emenso
298 1734 354 1818 (F.
380 1739 455 1821 23.)
968 1788 971 1793 -

237 1828 431 1910 Exemplum
444 1833 648 1913 usucapionis
664 1853 727 1898 nou
741 1829 960 1896 admittendae
976 1828 1076 1893 habos
1089 1829 1148 1894 sub
1164 1827 1210 1892 lit.
1228 1827 1264 1893 F.
1279 1826 1334 1892 30.

140 1914 188 1978 Sit
203 1915 281 1980 talis
301 1935 414 1981 casus:
434 1919 536 1984 Titius
553 1921 626 1985 Seio
642 1919 850 2001 hypotecavit
873 1919 999 1982 domum
1024 1935 1123 1981 suam.
1149 1916 1181 1981 Is
1199 1915 1336 1979 moritur

138 2009 171 2066 et
209 2004 366 2084 relinquit
398 2005 496 2070 filiam
524 2010 655 2074 Annam.
700 2011 832 2074 Haece
865 2004 929 2069 filio
965 2005 1038 2078 Seii
1061 2003 1219 2084 defuncti,
1256 2010 1335 2083 puta

140 2089 343 2172 Sempronio
368 2101 443 2176 post
465 2095 594 2176 longum
618 2103 754 2177 tempus,
779 2114 893 2174 nempe
919 2093 1030 2172 viginti
1054 2093 1165 2172 annos,
1190 2091 1335 2171 deposito

141 2198 240 2258 penes
265 2186 413 2244 senatum
437 2182 556 2262 debito,
574 2186 676 2264 patris
700 2185 758 2263 sni,
784 2181 935 2246 videlicet
951 2180 1038 2261 Titii,
1057 2179 1335 2260 domum-repetit.

142 2267 327 2347 Quaeritur,
352 2289 392 2334 an
417 2271 624 2351 Sempronius
648 2272 689 2337 sit
712 2277 800 2337 tutus
823 2276 856 2335 et
878 2271 1002 2336 hunam
1028 2267 1214 2350 exceptione
1236 2285 1331 2357 prae-

142 2356 327 2436 scriptionis
345 2358 507 2438 repellat‘?
532 2362 576 2424 Et
595 2361 819 2440 respondetur,
838 2359 921 2437 qnod
938 2377 1017 2437 non3
1043 2357 1224 2438 hypotheca
1251 2357 1335 2421 enim

146 2444 230 2522 apud
254 2464 313 2508 nos
336 2465 499 2526 nunqnam
523 2450 768 2528 praescribitur.
977 2520 980 2523 ,

240 2532 349 2597 Simile
385 2537 565 2615 exemplum
599 2537 672 2601 vide
708 2538 766 2601 suh
792 2536 896 2620 litera
919 2536 957 2598 F.
981 2535 1024 2599 31
1055 2537 1093 2597 et·
1112 2532 1197 2596 tale:
1233 2531 1336 2595 Titius

143 2619 279 2685 moritur
304 2622 425 2687 relictis
447 2625 551 2688 tribus
574 2625 695 2692 liberis.
720 2627 811 2690 Unus
834 2622 1049 2702 proficiscitur
1077 2621 1109 2684 in
1132 2621 1279 2684 militiam
1302 2624 1335 2682 et

144 2705 195 2769 alii
220 2708 284 2772 duo
315 2711 460 2777 dividunt
492 2713 577 2778 inter
604 2731 638 2777 se
662 2712 877 2778 hereditatem
897 2717 1077 2792 paternam.
1102 2709 1188 2797 Post,
1202 2707 1335 2787 triginta

145 2810 241 2860 annos
278 2796 332 2862 ille
366 2819 405 2862 ex
441 2801 553 2866 militia
585 2804 770 2879 revertitur,
806 2803 839 2866 et
872 2799 1026 2863 fratribus
1057 2797 1213 2862 defunctis
1245 2813 1333 2859 suam

144 2890 270 2958 partem
294 2886 497 2968 hereditatis,
529 2907 644 2969 nempe
675 2889 815 2968 tertiam,
845 2889 928 2968 petit
952 2889 994 2952 ab
1017 2889 1160 2966 ipsorum
1183 2884 1335 2947 uxoribus

145 2973 176 3030 et
191 2970 313 3036 liberis.
326 2972 514 3051 Quaesitum
532 2982 591 3056 est,
605 2995 646 3042 an
658 2978 835 3058 repellatur
847 2976 1035 3055 exceptione
1047 2972 1334 3055 praescriptionis?
1379 3015 1381 3028 .

145 3062 177 3120 et
198 3077 400 3141 responsum,
430 3065 514 3141 quod
537 3085 610 3143 non,
642 3067 717 3146 quia
746 3065 850 3129 malae
880 3063 955 3128 fidei
978 3080 1144 3143 possessor
1175 3076 1334 3138 nunquam

145 3149 353 3298 pragscribit3
379 3157 474 3230 atque
499 3153 545 3217 ita
570 3154 611 3217 ad
634 3153 766 3219 tertiam
781 3157 908 3233 partem
931 3149 1122 3217 hereditatis
1146 3153 1197 3213 est
1220 3148 1335 3211 admit-

147 3237 199 3297 teu
224 3255 272 3300 us,
1153 3257 1156 3262 ·

244 3324 281 3388 Si
302 3325 438 3406 coepisti
468 3333 582 3392 contra
605 3328 743 3407 aliquem
764 3327 840 3408 jura
868 3345 982 3408 agere,
1014 3331 1047 3390 et
1077 3330 1190 3405 postea
1219 3341 1335 3387 annum

149 3413 179 3470 et
202 3412 285 3477 diem
310 3414 350 3477 de
374 3413 454 3478 Jure
477 3415 571 3495 Prag.
590 3416 640 3480 vel
658 3418 698 3481 de
714 3417 794 3480 Jurc
818 3417 911 3481 Prov.
930 3420 996 3478 tres
1015 3431 1114 3476 annos
1131 3416 1165 3475 et
1182 3407 1222 3475 18
1237 3413 1336 3491 septi·

150 3512 275 3660 ffinagz
289 3506 580 3670 tagea2s2zfausam
606 3508 699 3568 tuam·
718 3504 853 3584 amplius
877 3503 1104 3582 redintegrare
1127 3519 1189 3562 nou
1214 3499 1335 3581 poteris

245 3677 294 3739 De
318 3676 396 3742 Jure
421 3677 609 3758 Provinciali
635 3681 789 3760 usucapio
813 3681 980 3760 procedit:

245 3764 270 3828 Ι.
288 3764 323 3828 Si
338 3766 409 3844 quis
436 3767 520 3831 bona
537 3769 684 3832 vacantia
700 3769 741 3834 ad
757 3769 949 3848 rescriptum
965 3765 1052 3847 regis
1065 3764 1208 3829 Ladislai
1226 3771 1334 3830 teneat

151 3835 227 3922 (Jas
251 3853 348 3918 Prov.
374 3855 417 3919 D.
443 3846 517 3934 38.)

242 3940 284 4005 II.
316 3940 351 4005 Si
382 3942 451 4021 quis
482 3943 567 4008 bona
598 3961 656 4006 sua
689 3944 871 4024 possederit
905 3948 973 4008 tres
1003 3943 1147 4024 integros
1177 3960 1277 4006 anuos
1300 3947 1334 4006 ct

153 4019 189 4087 18
211 4029 408 4107 septimanas
439 4035 513 4095 ante
543 4031 827 4112 conflagrationem
850 4033 1033 4097 tabularum
1068 4030 1159 4109 regni
1183 4030 1335 4096 Boemiae

150 4099 225 4188 (Jae
249 4117 346 4182 Prov.
373 4119 416 4184 D.
441 4113 514 4194 39.)
1179 4173 1180 4178 κ

153 4285 157 4295 Ι
242 4204 301 4269 ΙΙΙ.
327 4205 424 4270 Side
449 4207 604 4271 evictione
628 4209 713 4273 intra
737 4214 863 4290 tempus
887 4209 1121 4291 praescriptum
1147 4226 1218 4271 eum
1243 4205 1334 4286 cnjus

149 4295 301 4358 intererat
325 4293 483 4379 evincere,
513 4295 627 4375 aliquis
650 4316 713 4361 non
736 4298 978 4378 praemonuerit
1001 4287 1062 4373 (J).
1080 4287 1154 4375 44.)

239 4381 295 4446 IV.
333 4381 367 4446 Si
398 4382 468 4463 quis
499 4383 655 4449 sociorum
684 4403 813 4450 suorum
845 4385 1034 4465 obligationi
1064 4390 1120 4448 aut
1154 4385 1332 4447 contractui

150 4464 292 4550 scienter,
315 4469 400 4535 inter
425 4489 525 4535 annos
540 4472 813 4553 praescriptionis,
838 4491 906 4536 non
924 4471 1154 4539 contradixerit
1181 4461 1241 4558 (J).
1260 4465 1333 4553 45.)
