3260 5018
565 437 732 506 Respublica
750 439 872 506 BeJ'emu.
893 440 959 508 (lap.
976 440 1024 496 Xl.
1320 441 1387 514 241

192 579 357 644 commode
380 569 490 655 scribi)
524 576 567 642 ad
597 577 690 641 latini
718 577 874 646 sermonis
897 576 1050 644 formulas
1074 581 1237 656 utcunque
1260 577 1386 659 inflexa,

192 666 443 746 recensebimus
458 665 563 745 quoad
576 663 648 729 fieri
661 666 790 745 poterit,
804 667 942 747 primurn
958 667 1145 745 Magnetum
1157 685 1215 732 seu
1227 665 1387 731 Beronum

193 771 331 836 genera,
365 759 480 836 postea
518 753 726 832 Equestrium
763 770 889 833 quoque
924 756 1094 835 progenies
1131 753 1389 835 pervulgatiores

147 847 150 854 '
191 842 466 923 investigabimus
492 832 709 921 (Sequitur
732 845 994 908 enumeratio
1017 835 1300 921 familiarum.)

290 973 364 1039 VII.
380 974 587 1054 Equestrium
603 991 678 1037 vero
694 971 886 1037 familiarum
903 991 1060 1054 perquam
1077 972 1204 1052 multae,
1232 981 1265 1040 et
1281 975 1389 1055 plures

192 1080 289 1141 quam
312 1062 383 1142 quis
405 1061 542 1126 fortasse
566 1062 689 1139 credat,
714 1065 787 1124 sunt
810 1061 939 1142 stirpes,
964 1080 1044 1142 quas
1061 1063 1135 1141 quia
1158 1080 1270 1128 omues
1287 1081 1390 1141 neque

191 1153 305 1216 exacte
321 1151 416 1229 seire,
431 1168 536 1230 neque
553 1166 631 1228 quas
649 1149 777 1228 scimus,
794 1149 916 1229 absque
929 1149 1060 1214 lectoris
1073 1151 1181 1216 taedio
1193 1148 1389 1230 percensere

191 1255 369 1318 possumus,
406 1239 529 1318 aliquas
564 1237 692 1318 saltem,
725 1254 804 1318 quas
835 1255 927 1304 casus
965 1240 1190 1319 potiusquam
1227 1238 1391 1303 accuratio

193 1325 715 1494 aggerat)commemorabimus,
751 1315 967 1405 (Sequitur
990 1327 1256 1392 enumeratio
1278 1325 1389 1392 fami·

210 1434 356 1481 rarum.

291 1545 379 1610 VIII.
416 1543 484 1610 Nec
519 1545 623 1610 miuus
658 1545 805 1612 civitates
839 1547 926 1612 iuter
960 1565 995 1611 se
1031 1563 1156 1625 quoque
1187 1563 1244 1612 sua
1267 1545 1388 1610 babent

189 1633 337 1699 instituta
376 1632 508 1699 Ordinis
545 1632 733 1714 peculiaria
778 1634 1025 1699 consuetudines
1062 1652 1274 1715 unaquaeque
1312 1651 1387 1698 suas

191 1722 370 1800 singulares
407 1739 447 1786 ac
475 1721 652 1801 privilegia,
688 1740 762 1787 suas
798 1722 879 1786 aliae
914 1739 991 1804 prae
1026 1722 1098 1786 aliis
1130 1725 1385 1803 praerogativas.

190 1811 308 1890 Preger,
333 1815 430 1890 caput
445 1811 546 1890 regni,
561 1809 664 1874 Vetus
680 1828 796 1890 nempe
813 1817 845 1876 et
857 1809 957 1889 Nova,
983 1810 1084 1874 anteit
1099 1810 1231 1875 urbibus
1248 1810 1386 1875 caeteris

188 1897 309 1976 absque
339 1898 567 1976 controversia,
598 1897 672 1961 olim
704 1899 800 1962 etlam
830 1899 1002 1978 Equitibus
1030 1898 1184 1963 anteibat.
1218 1899 1321 1964 Outna
1355 1897 1385 1962 ei

190 1983 348 2062 dignitate
363 1991 415 2050 est
430 1985 585 2065 proxima,
601 1983 676 2050 binc
691 1986 886 2051 Hradecium
902 1984 1060 2066 Reginae,
1085 1985 1193 2064 Plzna,
1209 1986 1384 2063 Zatecium,

190 2073 460 2152 Budiegovicium,
485 2077 557 2153 post
573 2091 693 2153 easque
709 2079 775 2138 tres
791 2079 825 2138 et
848 2075 979 2154 triquta
995 2073 1149 2153 reIIquae,
1173 2073 1207 2137 in
1222 2073 1386 2156 provincia

191 2178 337 2241 quaeque
368 2160 427 2226 sua'
450 2179 470 2224 a
491 2161 584 2225 nobis
602 2160 671 2241 jam
698 2166 772 2227 ante
800 2157 825 2238 ¹)
849 2165 1056 2226 memoratae.
1087 2161 1245 2228 Videntur
1278 2165 1384 2224 autem

189 2253 224 2313 et
245 2247 317 2326 hae,
347 2249 422 2329 quia
453 2249 535 2314 aliae
565 2249 636 2313 aliis
669 2250 719 2315 vel
751 2250 942 2315 vetusti0res
973 2255 1046 2314 sunt
1078 2249 1129 2314 vel
1152 2247 1386 2330 splendidiores

192 2339 239 2401 vel
274 2337 505 2417 populosiores
541 2338 582 2402 de
616 2338 678 2402 loci
713 2337 939 2418 praerogatIva
971 2339 1055 2403 inter
1090 2353 1125 2403 se
1159 2353 1385 2416 nonnunquam

189 2426 396 2490 contendere.
1218 2466 1221 2472 -

288 2536 427 2600 Praeter
443 2541 511 2600 tres
528 2535 668 2601 Ordines
683 2534 781 2600 hosce
797 2535 928 2615 liberos,
952 2536 1051 2601 habet
1066 2535 1212 2616 Bojemia
1230 2536 1385 2616 quosdam

189 2622 303 2688 Ordini
326 2624 403 2688 nulli
427 2623 608 2704 adscriptos
632 2622 758 2688 colonos
779 2622 985 2703 praediorum
1000 2624 1121 2689 liberos
1137 2624 1204 2688 sive
1220 2624 1384 2695 scultetos

190 2709 260 2790 plus
284 2711 387 2778 minus
410 2716 572 2776 trecentos
592 2716 625 2776 ot
645 2711 871 2792 quadraginta,
896 2713 949 2792 qui
967 2709 1381 2793 soatodata,1)tdtaotct‚

190 2797 434 2882 Ndpronmtci,
456 2797 550 2880 vulgo
573 2806 730 2864 vocantur
754 2793 791 2876 ²).
828 2798 970 2865 Praedia
1002 2800 1130 2865 illorum
1164 2798 1385 2864 haereditaria

191 2903 315 2966 quoque
350 2893 423 2951 sunt
451 2894 484 2952 et
512 2887 696 2968 permultis,
734 2889 821 2952 inter
852 2907 885 2952 se
917 2894 1026 2954 tamen
1058 2888 1257 2954 variantibus
1289 2892 1386 2966 atque

190 2974 277 3037 aliud
301 2993 380 3054 prae
403 2974 466 3040 ali0
491 2974 698 3056 amplioribus
721 2975 974 3041 immunitatibus
999 2981 1125 3041 ornata.

289 3083 423 3150 Tributa
439 3085 536 3165 nulla,
561 3085 625 3149 nisi
647 3102 730 3164 quae
753 3102 812 3165 pro
836 3087 1043 3166 praediorum
1060 3086 1268 3152 adaeratIone
1283 3087 1388 3152 veteri
1492 3149 1494 3154 .

189 3171 346 3256 majorum
370 3191 458 3237 more
481 3173 560 3253 ipsis
585 3174 784 3238 comitiorum
808 3174 939 3239 decreto
964 3175 1068 3239 solent
1081 3175 1210 3256 imponi,
1235 3178 1385 3240 tenentur

189 3260 341 3339 pendere.
367 3260 455 3325 Onus
471 3263 598 3326 unicum
615 3266 675 3339 est,
699 3261 783 3340 quod
800 3280 871 3326 cum
888 3261 1114 3330 coenobiorum
1131 3263 1247 3342 glebae
1263 3261 1385 3327 adscri-

189 3348 289 3426 ptItiis
304 3349 412 3413 subire
428 3347 548 3413 habent
563 3366 706 3426 neeesse,
732 3350 817 3428 quod
834 3368 949 3429 uernpe
970 3349 1054 3416 bello
1069 3351 1102 3416 iu
1118 3368 1218 3432 reguo
1234 3349 1382 3427 excitato,

189 3433 405 3500 subvehendis
428 3437 537 3500 aeneis
561 3435 739 3514 tormentis,
764 3429 876 3516 globis,
901 3436 1025 3517 pulveri
1048 3438 1166 3503 nitrato
1198 3442 1231 3502 et
1254 3442 1383 3501 caetero

189 3523 222 3586 id
255 3542 356 3603 genus
391 3525 615 3603 instrumento,
651 3541 750 3603 equos
787 3541 966 3605 operasque
1001 3531 1169 3606 praestant
1192 3517 1229 3602 ³).
1265 3525 1382 3589 Forum

189 3610 332 3690 ipsorum
366 3616 415 3676 est
449 3613 542 3692 regui
571 3611 786 3694 Dicasterium
822 3629 1007 3692 supremum
1043 3618 1076 3677 et
1111 3606 1249 3690 ἀμύντωρ
1286 3618 1382 3690 atque

188 3698 305 3763 vindex
328 3700 360 3764 iu
383 3699 546 3780 plerisque
564 3701 760 3765 Procurator
782 3700 902 3780 regius.
928 3701 1032 3766 Erant
1053 3701 1074 3766 ii
1097 3699 1256 3780 quondam
1272 3701 1382 3768 multo.

191 3805 286 3864 quam
301 3804 394 3866 nuuc,
417 3779 538 3868 plures
562 3789 619 3852 sed
635 3805 654 3851 a
669 3788 905 3868 potentioribus
929 3807 967 3852 ex
982 3788 1148 3854 nobilitate
1160 3787 1226 3868 Jam
1245 3789 1380 3868 pridem,

188 3875 312 3940 actibus
336 3875 443 3955 inique
468 3875 650 3956 compositis
674 3876 801 3956 sensim,
830 3883 906 3942 suut
929 3878 1084 3957 oppressi.

288 3986 409 4051 Verum
440 3987 481 4051 de
511 3987 695 4052 introducta
719 4004 738 4050 a
762 3985 936 4065 majoribus
960 3987 1068 4068 populi
1091 3988 1192 4053 nostri
1214 3989 1247 4052 in
1272 3984 1381 4050 Status

190 4074 403 4143 distinetione.
428 4076 534 4155 deque
549 4073 750 4155 politicorum
769 4073 899 4138 Ordinis
916 4074 1052 4154 cujusvis
1066 4074 1220 4140 institutis
1235 4074 1380 4152 diversis,

188 4162 270 4228 haee
293 4170 376 4242 sunt,
401 4180 483 4242 quae
506 4165 610 4228 lector
632 4163 691 4229 tibi
713 4161 903 4241 explicanda
925 4161 1103 4228 babuimus.

290 4357 312 4423 ¹)
339 4359 405 4426 Cap.
424 4359 460 4414 II.
497 4357 522 4427 ²)
546 4357 790 4412 eusebonas.
811 4361 852 4414 II.
877 4355 1022 4411 Ordinatio
1042 4331 1107 4425 Reg.
1129 4327 1379 4415 aud01.11.1585.

188 4428 214 4494 ³)
234 4429 331 4485 Oomit.
350 4444 412 4485 auu.
434 4433 509 4495 1596,
533 4432 611 4490 1598.

1140 4549 1182 4616 16
