3212 5008
634 449 675 500 ,lle
693 447 839 504 maleficiis,

581 681 644 752 De
669 679 704 750 ui
723 680 877 776 publico.

240 849 298 914 Vis
321 851 461 931 publica,
496 867 591 929 quam
619 867 678 914 nos
703 849 830 928 vulgari
852 868 1000 916 sermone
1024 867 1102 917 mec
1126 855 1334 935 appellamus,

142 936 271 1018 dicitur,
296 939 422 1017 quando
447 956 519 1004 curn
551 937 649 1001 armis
672 937 824 1002 violentia
856 940 1075 1004 committitur.
1105 941 1186 1022 Ejus
1208 944 1333 1023 species

140 1025 227 1105 apud
253 1044 312 1091 nos
335 1026 454 1092 multae
478 1032 566 1090 sunt:
1168 1083 1176 1092 .

239 1113 360 1196 Prima,
384 1114 412 1180 si
435 1115 505 1194 quis
529 1114 562 1177 in
584 1113 644 1178 hoc
667 1115 784 1196 inclyto
808 1132 907 1194 regno
931 1133 1026 1180 manu
1050 1122 1177 1182 armata
1201 1119 1334 1201 alicujus

139 1202 234 1281 bona,
252 1220 355 1285 arces,
380 1203 508 1286 oppida,
532 1201 656 1282 fundos,
675 1206 795 1282 vineas
819 1201 938 1282 hortea,
961 1203 1091 1268 feudum
1115 1212 1148 1270 et
1169 1206 1232 1270 alia
1250 1209 1334 1273 bona

139 1287 316 1373 allodialia,
352 1293 531 1372 ingreditur
562 1296 595 1355 et
624 1309 688 1356 non
718 1291 792 1372 jure
821 1292 965 1372 possidet
999 1282 1060 1371 (N.
1085 1293 1117 1358 3.
1148 1295 1210 1358 Jua
1234 1296 1332 1360 Proo.

139 1377 178 1442 L.
197 1378 240 1459 3.,
258 1382 301 1460 4.,
318 1383 361 1462 5.,
379 1376 462 1458 lt).
487 1379 589 1457 Quum
611 1379 729 1443 nemini
753 1379 851 1444 liceat
873 1398 964 1443 arma
979 1398 1106 1447 sumere
1125 1382 1187 1446 nisi
1209 1383 1332 1464 legibus

141 1467 454 1547 administrantibus,
478 1467 590 1530 autad
615 1469 664 1530 sui
685 1467 914 1546 defensionem,
932 1468 1004 1533 ideo
1021 1469 1075 1548 qui
1098 1488 1188 1534 arma
1205 1477 1334 1536 sumunt

142 1553 184 1617 ad
209 1555 423 1621 invadendum
448 1557 527 1619 alies
551 1555 600 1618 vel
624 1555 760 1620 aliorum
783 1557 877 1635 bona,
906 1575 969 1620 non
993 1557 1086 1621 modo
1114 1557 1177 1621 illis
1200 1559 1231 1622 in
1255 1578 1334 1638 ques

144 1659 184 1705 ea
196 1643 368 1724 stringunt,
382 1663 491 1709 verum
508 1647 542 1707 et
553 1643 760 1723 reipublicae,
773 1643 862 1723 cujus
874 1644 1010 1708 interest
1025 1662 1115 1710 arma
1127 1663 1189 1710 non
1203 1649 1334 1728 moveri,

137 1728 202 1793 vim
226 1731 347 1797 inferre
370 1732 530 1798 dicuntur.

137 1865 141 1872 .
242 1818 337 1884 Tales
354 1819 525 1885 violatores
545 1818 627 1899 juris
643 1819 838 1885 mulctantur
855 1818 971 1898 famae,
996 1820 1110 1900 capitis
1126 1826 1159 1886 et
1175 1821 1330 1888 bonorum

142 1906 328 1987 amissione,
353 1926 436 1987 quae
458 1909 549 1987 regio
572 1907 650 1972 fisco
673 1906 878 1988 applicantur
900 1895 922 1985 (
919 1906 963 1972 N.
981 1906 1011 1972 3.
1030 1909 1094 1972 Jos
1109 1909 1206 1974 Proo.
1225 1911 1264 1973 L.
1281 1902 1333 1992 5.)

243 1995 293 2059 De
323 1997 403 2061 Jure
426 1995 593 2061 Communi
626 2013 730 2074 poena
761 2000 811 2059 est
833 1994 1026 2076 deportatio,
1061 1997 1088 2061 si
1116 2002 1166 2061 est
1195 2015 1333 2077 persona

141 2078 264 2162 libera;
288 2083 316 2147 si
339 2102 415 2149 vero
439 2101 543 2163 serva,
568 2083 731 2166 damnatio
755 2083 787 2146 in
809 2083 990 2162 metallum3
1020 2085 1116 2163 idque
1139 2085 1166 2148 si
1189 2091 1277 2148 metu
1301 2093 1334 2151 et

142 2168 369 2236 exhortatione
400 2171 517 2235 domini
541 2172 609 2254 ¹virn
633 2171 792 2250 publicam
825 2171 1029 2237 commiserit.
1060 2172 1143 2236 Nam
1174 2173 1201 2236 si
1231 2173 1330 2238 inscio

142 2255 272 2321 domino
297 2259 436 2325 criminis
458 2278 535 2324 reus
558 2264 608 2324 est
630 2258 743 2338 factus
767 2259 877 2324 ultimo
901 2259 1056 2338 supplicio
1080 2259 1226 2324 allicitur.

246 2344 395 2412 Secunda
416 2347 549 2427 sperica,
574 2364 656 2427 quae
673 2347 767 2427 vulgo
791 2347 916 2419 tirell,
945 2347 1113 2428 mentoq,
1135 2347 1246 2412 outut
1269 2349 1331 2413 dici

141 2437 260 2513 potest,
277 2441 336 2513 est,
354 2436 480 2515 quando
494 2435 564 2515 quis
580 2453 651 2501 curn
667 2434 731 2500 telo
745 2437 778 2499 in
795 2437 897 2500 aedes
910 2435 1043 2514 alicujus
1058 2435 1162 2515 irruit,
1178 2436 1330 2516 impetum

140 2520 230 2597 facit,
256 2528 399 2588 armatus
423 2523 561 2603 aliquem
591 2523 778 2603 insequitur,
810 2521 895 2588 fores
926 2521 1076 2603 effringit,
1105 2523 1243 2602 aliquem
1266 2524 1331 2588 illie

142 2609 306 2689 verberat,
337 2611 446 2690 laedit,
479 2611 635 2690 vuluerat,
659 2611 818 2690 interficit,
850 2616 883 2676 et
915 2611 1015 2676 simile
1046 2611 1120 2690 quid
1152 2611 1330 2677 committit

141 2695 229 2760 Talis
261 2715 332 2761 eum
360 2717 398 2762 eo
429 2701 482 2779 qui
511 2699 682 2763 auxiliatus
710 2705 769 2779 est,
802 2700 984 2780 capitaliter
1007 2699 1093 2779 apud
1120 2716 1177 2763 nos
1200 2699 1331 2780 punitur

140 2774 205 2860 (N.
231 2785 281 2851 11.
310 2794 339 2849 et
360 2786 402 2852 N.
418 2777 500 2868 12.)
524 2788 595 2851 Hac
618 2793 726 2852 tamen
750 2806 854 2868 poena
878 2788 1037 2866 eximitur,
1060 2787 1112 2866 qui
1135 2805 1174 2850 ex
1197 2786 1331 2850 alterius

139 2871 234 2936 domo
267 2875 435 2955 conjugem
458 2876 588 2956 liberoS,
620 2875 762 2954 clientes
794 2875 938 2954 famulos
962 2874 1137 2938 famulasve
1168 2877 1329 2955 repetens,

143 2961 281 3040 aliquem
307 2957 579 3028 contradicentem
607 2969 664 3027 aut
685 2963 910 3042 impedientem
940 2961 985 3029 ibi
1018 2961 1148 3026 fortuite
1182 2962 1328 3040 laeserit;

136 3046 214 3111 licet
237 3067 296 3129 pro
321 3052 543 3116 aestimatione
567 3070 716 3117 excessus
739 3055 888 3115 teneatur
911 3044 972 3120 (N.
1000 3041 1072 3129 13.)
1167 3128 1172 3144 Ι

241 3137 351 3202 Tertia
374 3139 499 3220 species
521 3141 648 3204 videtur
673 3157 752 3218 esse,
779 3157 872 3218 quarn
905 3157 962 3202 nos
989 3131 1178 3219 aasabim)
1206 3134 1328 3214 liutai,

140 3234 166 3284 ro
175 3239 187 3284 c
197 3231 215 3303 t)
224 3218 356 3307 tribuit
373 3226 516 3308 dicimus,
535 3228 660 3307 quando
673 3227 743 3306 quis
756 3225 841 3290 solus
855 3227 905 3290 vel
918 3244 987 3289 cum
1002 3226 1072 3289 aliis
1084 3225 1224 3305 gladium
1237 3244 1327 3288 suurn

141 3311 247 3375 vibrat
277 3318 310 3376 et
340 3317 466 3394 corpori
490 3317 624 3394 alicujus
655 3333 771 3379 nocere
796 3321 940 3394 cenatur,
970 3315 1044 3378 licet
1066 3331 1128 3376 non
1151 3313 1331 3378 vulneravit

138 3389 202 3478 (N.
222 3402 272 3465 19.
298 3402 361 3465 Jos
376 3403 472 3468 Proo.
500 3405 539 3468 L.
552 3393 627 3484 36.)
635 3429 649 3483 ,·
671 3404 748 3467 item
772 3403 799 3466 si
823 3404 1005 3482 quempiam
1029 3401 1099 3481 quis
1123 3419 1203 3480 equo
1222 3399 1331 3480 dejicit

137 3478 202 3562 (N.
215 3488 270 3552 21.
286 3491 349 3554 Jue
364 3491 461 3556 Proc.
480 3492 518 3556 L.
533 3483 606 3572 37.)
613 3516 627 3570 ,·
650 3490 701 3554 vel
717 3490 860 3554 nuntium
877 3490 944 3554 sive
960 3489 1163 3554 tabellarium
1178 3489 1327 3569 percutit,

139 3581 174 3639 et
197 3579 227 3640 ei
250 3577 361 3643 literas
385 3579 490 3643 aufert
512 3571 574 3659 (N.
592 3579 645 3644 22.
667 3580 730 3643 Jus
746 3579 844 3642 Proo.
861 3579 901 3642 L.
917 3577 969 3642 38.
972 3569 990 3655 )
1014 3576 1206 3656 Huiusmodi
1228 3576 1329 3640 delin-

137 3669 274 3823 quentes
297 3684 355 3746 pro
379 3669 504 3835 ratissne
526 3667 836 3733 circumstantiarum
860 3665 995 3731 arbitrio
1016 3665 1133 3745 judicis
1152 3665 1329 3744 puniuntur

158 3753 200 3817 N.
219 3753 272 3818 25.
297 3752 384 3820 Diei.
410 3757 437 3820 1.

238 3841 317 3905 Cum
351 3842 487 3923 liberum
522 3861 637 3924 eorpus
670 3842 789 3906 nullam
823 3841 960 3921 recipiat
994 3839 1259 3918 aestimationem,
1295 3844 1328 3902 et

138 3927 325 3993 cicatricum
342 3949 380 3995 ac
392 3931 631 3996 deformitatum
649 3932 699 3995 vix
714 3929 784 3995 lieri
798 3929 901 4009 possit
915 3927 1075 3992 sulficiens
1093 3927 1327 4007 compensatio:

134 4015 261 4096 judices
283 4018 316 4081 in
340 4037 411 4082 earn
435 4037 544 4083 curam
568 4025 601 4083 et
617 4020 843 4099 cogitationem
866 4017 1051 4081 incumbere
1072 4014 1181 4079 sedulo
1199 4015 1328 4093 debent,

97 4163 101 4169 .
138 4108 174 4166 ut
207 4104 289 4169 tales
323 4125 472 4171 excessus
506 4109 613 4186 potius
649 4107 752 4171 amica
786 4105 1012 4182 transactione,
1057 4119 1152 4181 quam
1184 4100 1329 4180 judiciali

138 4210 291 4273 processu
315 4193 468 4259 tollantur
490 4190 544 4276 (S.
570 4185 641 4275 14.)

239 4281 331 4358 Quod
354 4284 424 4361 quis
448 4285 487 4348 ob
512 4284 647 4348 tutelam
672 4283 720 4348 sui
744 4281 888 4363 corporis
910 4278 1033 4356 fecerit,
1067 4276 1099 4340 id
1118 4275 1193 4357 jure
1216 4274 1329 4340 fecisse

140 4369 352 4449 existimatur,
377 4376 411 4435 et
437 4371 509 4436 ideo
533 4376 624 4436 extra
648 4390 762 4435 noxam
786 4370 938 4446 habetur3
970 4367 1121 4445 quidum
1146 4366 1208 4429 vim
1233 4369 1330 4443 atque

138 4456 289 4538 injuriam
322 4459 453 4524 alterius
477 4479 496 4522 a
526 4477 561 4524 se
585 4459 786 4540 propulsam,
817 4457 955 4536 aliquem
979 4451 1132 4518 interficit
1166 4443 1228 4532 (N.
1254 4442 1328 4532 44.)
