3270 5020
578 404 748 472 Respublica
766 405 886 472 Bojema.
904 401 970 467 Cap.
988 402 1064 456 XIII.
1349 411 1412 481 247

219 549 255 607 ut
278 548 312 609 et
334 544 367 624 ii,
400 547 549 623 quicum
572 563 687 624 magno
710 544 790 609 alias
814 548 847 608 et
871 542 965 608 docto
990 543 1182 624 antiquario,
1214 548 1271 612 sed
1300 555 1412 627 poten·

220 631 339 696 tiorum
373 633 521 699 fortunae
558 633 747 712 velificante,
782 631 913 711 Bojemo
947 636 1092 712 mastyge
1123 652 1220 713 novo,
1255 641 1415 716 nugantur

218 719 341 784 habere
364 721 434 784 illos
454 722 581 800 quidem
599 722 686 800 leges
702 719 879 799 nonnullas
897 726 932 784 at
947 718 1099 800 Slavicas
1114 721 1250 802 iniquas
1268 725 1414 800 crudeles

221 826 259 872 ac
292 808 458 874 barbaras.
498 810 674 888 Georgium
708 810 845 874 Beatum
882 813 915 872 et
947 806 1079 872 Petrum
1116 809 1289 890 Stierbam,
1327 813 1413 878 viros

221 897 308 960 naris
332 916 394 961 non
416 915 550 978 prorsus
574 897 702 978 obesae,
728 896 816 961 haud
838 896 925 962 idem
954 915 1025 960 cum
1055 896 1134 977 ipsis
1156 899 1294 965 sensisse
1325 906 1413 976 certo

222 990 272 1050 est
295 986 425 1061 certium
454 1004 587 1064 quorum
610 985 663 1049 ille
686 989 870 1064 terrestres,
894 984 946 1048 hic
961 983 1171 1064 municipales
1186 985 1274 1066 leges
1290 993 1415 1053 nostras

219 1091 260 1136 ex
274 1072 447 1140 vernacula
461 1073 665 1151 Bojemorum
682 1074 790 1152 lingua
806 1072 952 1138 lecerunt
966 1073 1175 1152 germanicas.
1193 1075 1413 1142 Ostenderunt

219 1161 242 1224 ii
265 1179 364 1241 opera
385 1161 446 1226 hac
469 1181 537 1242 sua,
561 1168 626 1226 tam
646 1159 760 1240 justas,
784 1168 850 1225 tam
874 1161 982 1239 bonas,
1006 1164 1073 1224 tam
1096 1161 1191 1228 utiles
1214 1181 1286 1227 esse
1309 1164 1413 1243 gentIs

220 1248 313 1328 hujus
343 1249 443 1329 leges,
477 1255 512 1313 ut
540 1267 595 1314 eas
629 1251 725 1314 etiam
760 1249 949 1314 adiversae
986 1248 1113 1328 liuguae
1136 1249 1316 1316 hominibus
1350 1252 1414 1332 legi

221 1337 439 1417 cognoscique,
468 1355 671 1417 nequaquam
695 1338 934 1417 infructuosum,
967 1355 1027 1400 nec
1048 1335 1087 1400 iis
1117 1340 1203 1418 apud
1232 1357 1310 1418 quos
1340 1345 1414 1405 sunt

221 1432 328 1502 natae,
353 1425 539 1505 pudendum
563 1426 689 1490 censeri
712 1427 849 1503 debeat3
874 1443 957 1503 quae
973 1426 1101 1489 tametsi
1118 1445 1233 1507 magna
1255 1429 1305 1491 sui
1319 1434 1413 1507 parte

220 1515 253 1577 in
276 1513 403 1594 publico
426 1515 524 1580 silere
544 1513 611 1593 jam
629 1531 666 1578 ao
689 1514 751 1578 situ
767 1513 918 1592 squalere
935 1513 1114 1592 videantur,
1138 1516 1287 1594 privatim
1305 1521 1413 1580 tamon

219 1601 354 1666 necdum
393 1603 521 1681 penitus
558 1601 649 1681 ipsae
686 1619 745 1681 pro
781 1619 816 1666 se
850 1600 937 1679 loqui
972 1619 1010 1665 ao
1044 1602 1295 1682 cavillatoribus,
1335 1622 1414 1683 quos

219 1691 404 1768 memoravi,
428 1689 461 1754 iu
486 1709 521 1754 os
543 1691 697 1756 resistere
721 1689 897 1754 desierunt.
1412 1702 1414 1706 ’

679 1920 828 1990 CAPU'I'
853 1919 962 1988 XIII.

556 2073 619 2142 Dc
645 2069 878 2165 Bojemorum
907 2067 1078 2141 Comitiir.

315 2224 339 2286 I.
363 2218 453 2283 luter
474 2217 638 2295 salutaria,
662 2215 936 2296 procurandisque
950 2216 982 2279 in
1000 2218 1167 2297 republica
1182 2217 1309 2282 socialis
1325 2219 1411 2283 vitae

221 2305 393 2370 commodis
409 2306 514 2370 media
530 2322 663 2386 prorsus
679 2303 872 2384 necessaria,
893 2324 955 2369 non
971 2311 1020 2368 est
1034 2310 1198 2385 postrema
1213 2305 1412 2372 comitiorum

218 2411 305 2456 cura.
341 2394 471 2458 Etenim
507 2413 577 2458 cum
607 2410 766 2474 persaepe
799 2391 833 2456 in
864 2393 1021 2473 populosa
1049 2393 1212 2458 hominum
1248 2393 1411 2474 societate,

219 2480 321 2558 qualis
351 2482 533 2562 respublica
564 2481 666 2546 omnis
696 2484 756 2558 est,
792 2480 921 2558 negotia
944 2481 1087 2545 incidant
1111 2480 1275 2562 complura
1298 2481 1410 2562 arclua,

218 2567 368 2648 difficilia,
399 2569 518 2646 gravia,
549 2587 589 2634 ea
621 2567 852 2633 deliberatIona
884 2570 1040 2633 communi
1067 2575 1100 2633 et
1123 2586 1280 2634 consensu
1303 2570 1411 2650 populi

217 2657 360 2722 universi
380 2659 494 2739 peragi
525 2663 621 2737 atque
645 2656 790 2736 expediri
822 2661 872 2720 est
895 2674 1040 2735 aequum.
1065 2657 1184 2722 Libere
1207 2661 1324 2736 autem,
1355 2659 1410 2722 sod

219 2745 326 2810 sobrie
342 2763 478 2824 qnoque,
504 2745 629 2810 dIcondi
645 2744 676 2808 in
693 2744 743 2822 iis,
768 2762 850 2822 quae
864 2745 963 2824 quise
976 2746 1142 2824 republica
1155 2763 1225 2809 esse
1239 2745 1410 2825 existImat,

215 2831 354 2898 facultas
378 2843 428 2898 est
451 2835 593 2898 membro
617 2852 676 2896 nou
702 2833 874 2896 temerario
905 2833 1020 2911 cuique
1044 2833 1159 2911 danda,
1192 2839 1225 2897 et
1252 2833 1412 2914 postulata

214 2918 370 2999 cujusque
387 2920 468 2985 citra
476 2921 724 3002 ‘impeditionem
741 2919 912 2999 audienda,
938 2926 1002 2984 tam
1018 2926 1054 2985 ut
1070 2922 1154 3001 quod
1171 2939 1281 2986 omnes
1299 2922 1409 3000 tangit,

216 3007 257 3072 ab
282 3009 427 3075 erunibus
460 3016 644 3089 peragatur,
674 3008 785 3086 etqui
812 3008 845 3072 in
867 3026 985 3088 magna
1016 3014 1090 3072 sunt
1113 3009 1268 3088 potencia,
1298 3009 1412 3087 horum

216 3096 414 3162 comitiorum
446 3103 531 3162 metu
563 3098 788 3162 contiueantur
817 3098 849 3160 in
880 3097 1001 3174 ordine,
1037 3115 1132 3175 quam
1160 3102 1196 3162 ut
1224 3097 1410 3162 libertatem

217 3185 333 3262 populo
365 3185 503 3265 priscam
532 3202 712 3265 superesse,
747 3183 967 3263 illibatamque
1000 3185 1194 3264 conservari,
1225 3185 1285 3250 hoc
1317 3187 1410 3250 modo

215 3278 386 3351 appareat.
427 3273 536 3353 ViguIt
570 3290 699 3353 semper
732 3272 882 3352 vigetque
917 3272 1072 3337 hactenus
1106 3273 1139 3336 in
1172 3272 1315 3353 Bojemia
1352 3273 1412 3339 hoc

217 3378 343 3439 quoque
369 3361 425 3438 jus
455 3367 489 3425 et
517 3361 714 3426 comitiorum
745 3359 889 3424 libertas.
920 3359 1084 3424 Restricta
1117 3379 1254 3440 namque
1282 3363 1315 3425 in
1351 3361 1412 3428 hoc

218 3466 327 3526 regno,
345 3455 380 3512 ut
393 3449 529 3514 diximus
549 3442 584 3524 ¹),
603 3466 702 3526 usque
719 3448 799 3512 adeo
815 3453 865 3512 est
876 3448 1000 3526 Regum
1015 3453 1167 3528 potestas
1185 3453 1220 3512 ut
1232 3450 1411 3529 ubicunque

218 3537 257 3599 de
271 3536 439 3616 republica
451 3538 501 3601 vel
513 3537 612 3601 arduo
626 3535 823 3617 reipublicae
836 3554 1024 3615 quocunque
1037 3538 1175 3615 negotio,
1199 3542 1249 3600 est
1265 3540 1409 3602 statuen-

216 3625 300 3701 dum,
319 3624 351 3689 iu
364 3624 498 3690 comitiis
510 3625 543 3688 id
556 3630 589 3688 et
604 3625 644 3688 de
656 3624 768 3704 populi
779 3623 941 3688 voluntate
956 3622 1026 3688 fieri
1038 3627 1195 3703 oporteat.
1220 3624 1409 3690 indicendo·

129 3727 131 3733 ·
216 3730 286 3775 rum
310 3731 405 3791 porro
429 3713 627 3778 comitiorum
652 3718 685 3776 et
708 3710 816 3791 populi
840 3713 880 3775 de
905 3711 1047 3792 profanis
1070 3712 1173 3775 rebus
1189 3712 1230 3774 ad
1248 3712 1410 3778 delibera·

217 3800 319 3863 tiones
336 3817 519 3864 communes
537 3800 730 3864 convocandi
740 3798 804 3879 jus
828 3805 961 3879 practer
973 3799 1095 3879 Regem
1108 3800 1158 3864 vel
1170 3800 1203 3863 in
1215 3799 1409 3881 interregno,

215 3892 349 3966 praeter
384 3888 556 3969 optimates
590 3887 692 3967 regni,
728 3904 910 3952 concessum
946 3893 996 3952 est
1029 3887 1158 3951 nemim.
1196 3886 1267 3953 Non
1302 3895 1409 3954 tamen

215 3992 328 4040 novum
353 3979 412 4056 est,
445 3992 549 4054 neque
581 3975 671 4039 bonis
699 3975 831 4054 regibus
858 3975 999 4041 lacIebat
1025 3992 1133 4055 aegre,
1166 3994 1237 4040 cum
1261 3978 1407 4057 populus

215 4061 413 4142 reipubIIcae
424 4064 637 4128 neccessitate
648 4069 851 4143 exposcente,
866 4065 915 4128 vel
929 4081 984 4128 cos
997 4063 1038 4129 de
1050 4065 1259 4128 conventibus
1275 4065 1409 4145 agendis

215 4150 454 4230 interpellabat
476 4152 527 4215 vel
544 4150 640 4215 rebus
658 4168 778 4216 moram
795 4168 857 4214 non
873 4151 1063 4227 ferentibus,
1083 4152 1253 4231 regibusve
1269 4172 1408 4233 peregre

214 4238 413 4318 absentibus
438 4238 573 4304 arbitrio
597 4239 667 4318 ipse
692 4256 748 4302 suo
773 4240 993 4306 conveniebat.

316 4433 337 4499 ¹)
360 4433 426 4500 Cap.
448 4433 480 4501 V,
500 4437 525 4499 ἕ.
544 4437 569 4502 9,
591 4436 693 4501 11],11.
