3188 5008
705 455 757 513 Tit,
778 457 798 509 1.
1332 464 1352 530 9

156 601 201 664 Et
226 619 297 665 cum
322 601 556 666 contrariorum
572 600 685 664 eadem
701 601 743 665 sit
753 598 836 679 juris
854 601 1028 682 dispositio,
1046 603 1158 666 eadem
1175 602 1351 683 disciplina,

160 707 224 754 non
248 690 345 754 debet
368 706 423 752 reo
446 689 556 767 licere,
582 689 665 767 quod
690 688 791 752 actori
813 689 933 754 licitum
958 709 1019 754 non
1044 695 1104 770 est,
1129 695 1162 754 et
1185 710 1203 754 θ
1230 693 1352 755 contra.

159 767 219 856 (A.
241 780 296 842 -44,
322 777 409 842 Diei.
435 768 488 857 3.)

256 866 336 931 dure
360 866 527 944 Communi
551 865 667 944 duplex
689 871 739 931 est
761 883 857 930 reus:
889 868 953 932 Aut
984 867 1195 945 necessarius
1229 866 1282 946 qui
1314 885 1353 930 cx

158 961 249 1022 certa
286 953 481 1034 obligatione
511 973 570 1035 pro
601 971 635 1018 se
666 955 699 1018 in
729 953 782 1033 jus
818 955 988 1020 deducitur
1019 961 1053 1021 et
1083 961 1264 1033 accusatur,
1296 961 1352 1018 aut

156 1043 364 1122 volunta-niue,
388 1043 443 1122 qui
464 1061 528 1107 non
552 1061 609 1123 pro
625 1061 668 1124 se,
693 1044 750 1108 sed
767 1063 824 1124 pro
842 1063 897 1108 suo
914 1045 1070 1110 interesse
1087 1043 1137 1107 vel
1153 1043 1350 1124 reipublicae

159 1132 374 1197 emolumento
399 1149 469 1196 sese
489 1129 610 1209 judicio
634 1131 801 1196 immiscet.
831 1122 927 1211 (Aoo.
955 1133 1056 1197 Falla
1084 1139 1113 1195 et
1135 1129 1240 1196 Innoc.
1268 1131 1303 1195 la
1327 1153 1350 1195 c.

159 1243 229 1285 rum
253 1219 344 1284 inter.
371 1219 411 1284 de
434 1211 577 1304 occepi.)

256 1307 325 1372 Has
341 1312 408 1372 tres
427 1325 592 1388 personae,
614 1309 654 1374 de
672 1309 785 1388 quibus
803 1327 886 1372 nunc
906 1309 1041 1373 diximus
1060 1308 1093 1371 in
1108 1307 1237 1387 judiciis
1253 1308 1355 1373 inter-

159 1397 280 1475 venire,
297 1400 347 1460 est
368 1396 408 1459 de
430 1395 556 1460 illorum
575 1397 722 1461 essentia.
741 1388 850 1476 (Vide
864 1398 926 1461 Jua
943 1397 1043 1483 Prop.
1063 1396 1102 1460 B.
1121 1396 1173 1460 87.
1193 1396 1279 1461 Diat.
1302 1387 1355 1476 2.)
1468 1397 1469 1400 ’

260 1483 350 1562 Quod
380 1502 455 1548 vero
489 1488 523 1548 et
557 1484 638 1550 aliae
662 1503 829 1565 personae,
865 1489 900 1548 ut
934 1489 1008 1550 sunt
1030 1490 1140 1559 testes
1177 1485 1355 1562 auditores

159 1573 317 1651 advocati,
342 1578 569 1652 procuratores
584 1579 617 1638 et
631 1574 663 1637 id
684 1590 795 1654 genus,
819 1573 851 1636 in
863 1571 993 1652 judiciis
1017 1572 1178 1637 multoties
1201 1572 1350 1650 existunt,

158 1661 191 1724 id
208 1679 271 1724 non
286 1666 338 1724 est
353 1660 392 1724 de
404 1660 598 1739 judiciorum
615 1660 817 1726 substantiali
833 1678 913 1741 osse,
930 1661 986 1725 sed
1005 1662 1194 1740 quandoque
1210 1659 1350 1725 necessi·

163 1754 274 1827 tatem,
301 1748 492 1828 quandoque
516 1750 686 1814 utilitatem
710 1749 850 1829 partium
875 1750 1048 1814 concernit.

163 1915 185 2006 (
261 1836 322 1901 Est
336 1835 608 2006 autcmffludicium
626 1837 710 1901 aliud
727 1837 934 1918 ordinarium,
949 1837 1035 1901 aliud
1052 1835 1354 1900 extraordinarium.

182 1927 222 1988 A.
249 1926 304 2005 41,
327 1927 367 1988 A.
398 1925 448 1989 43.

262 2013 534 2080 Ordinarium
558 2014 685 2093 dicitur,
715 2013 745 2078 in
771 2030 831 2092 quo
855 2018 929 2078 sunt
959 2031 1008 2092 ea,
1041 2032 1123 2092 quae
1151 2011 1355 2091 inlegitima

166 2118 334 2164 causarum
372 2101 550 2183 cognitione
590 2123 630 2167 ex
662 2101 939 2167 constitutionibus
963 2103 1191 2183 imperatorum
1225 2104 1259 2164 et
1282 2118 1357 2165 con·

164 2188 333 2253 suetudine
359 2188 510 2269 cujusque
534 2191 595 2256 lori
620 2191 783 2255 observari
808 2189 920 2268 solent,
956 2195 992 2253 ut
1018 2193 1091 2254 sunt
1115 2189 1234 2265 citatio,
1259 2185 1359 2252 libelli

164 2277 295 2351 oblatio,
318 2278 497 2358 satisdatio,
522 2277 586 2344 litis
611 2279 814 2356 contestatio,
839 2277 1025 2341 dilationum
1050 2277 1241 2358 assignatio,
1268 2275 1357 2354 jura·

163 2370 316 2444 mentum,
342 2366 471 2430 testium
496 2371 529 2431 et
551 2367 832 2433 instrumentorum
850 2366 1029 2445 productio,
1054 2370 1087 2428 θῖ
1109 2366 1141 2428 id
1166 2383 1266 2446 genus
1284 2364 1347 2428 alia

162 2454 202 2519 de
227 2453 342 2533 quibus
365 2454 397 2518 in
421 2454 481 2520 hoc
503 2455 669 2522 Processu.
744 2463 746 2469 '
1351 2445 1358 2472 '

263 2542 454 2622 Huiusmodi
490 2545 685 2610 ordinarium
728 2543 883 2623 judicium
931 2541 1036 2621 qrroad
1069 2547 1188 2606 statum
1222 2539 1355 2622 oppida-

162 2651 276 2698 norum
300 2634 333 2694 et
355 2631 387 2693 in
410 2632 658 2713 metropolitana
681 2633 760 2696 urbe
781 2631 935 2711 Pragcnsi
959 2630 1128 2710 agentium,
1154 2635 1205 2695 est
1220 2629 1355 2709 triplex:

264 2720 288 2783 Ι.
303 2719 571 2799 Senatorium,
587 2721 636 2786 cui
651 2719 817 2802 praesidet
833 2717 941 2784 consul
958 2737 1028 2781 cum
1041 2718 1135 2783 xvss
1151 2717 1356 2782 senatoribus

163 2809 227 2874 lide
252 2807 375 2889 dignis,
406 2816 575 2888 praesente
607 2808 777 2889 aliquando
803 2807 969 2888 capitaneo
994 2812 1027 2870 et
1054 2805 1163 2885 judice
1188 2821 1350 2870 caesareo.

166 2892 230 2975 (De
254 2897 367 2961 borum
390 2895 514 2976 legibus
537 2898 608 2962 vide
630 2901 669 2962 A.
696 2887 748 2976 4.)

264 2985 305 3049 ΙΙ.
332 2985 623 3064 Deoeinvirale,
651 3006 670 3049 a
696 3001 829 3049 numero
850 2982 993 3062 judicum
1018 2981 1063 3045 sic
1088 2979 1293 3061 appellatum,
1325 2978 1357 3040 in

165 3093 226 3152 quo
252 3072 423 3154 praecipue
456 3073 646 3138 deciduntur
681 3071 917 3140 controversiae
950 3073 1153 3148 emergentes
1189 3066 1355 3132 occasione

165 3161 357 3227 debitorum.

172 3233 212 3282 *.
265 3249 324 3316 ΙΙΙ.
351 3247 567 3314 Sexvirale
599 3267 654 3314 seu
686 3246 938 3312 aedilitium.
973 3245 1033 3309 Est
1068 3249 1175 3309 autem
1205 3240 1354 3307 aedilium

168 3337 316 3418 officium,
341 3355 404 3403 non
428 3337 528 3402 solum
552 3355 683 3418 operam
708 3336 795 3415 dare,
820 3353 860 3398 ne
875 3327 907 3397 in
925 3332 1054 3397 civitate
1071 3333 1220 3396 ruinosae
1249 3331 1360 3394 domus

168 3427 218 3491 rel
242 3426 422 3491 inordinate
447 3426 620 3506 dispositae
643 3425 730 3503 fiant,
764 3423 821 3487 sod
844 3423 950 3500 etiam,
985 3429 1021 3485 ut
1043 3421 1135 3485 bonis
1158 3419 1217 3485 soli
1240 3418 1359 3499 publici

166 3517 339 3684 lliligente)r
373 3513 527 3593 praesint.
553 3504 623 3593 (De
645 3513 696 3578 bis
719 3512 793 3576 cide
815 3512 878 3575 Jus
902 3510 1002 3597 Prop.
1029 3509 1070 3574 K.
1098 3511 1147 3573 19.
1174 3507 1260 3571 Dici.
1286 3506 1309 3569 2
1332 3514 1360 3568 el

165 3629 200 3670 m
224 3627 259 3668 ae
301 3654 309 3668 .
1149 3669 1151 3674 ,

260 3625 378 3769 ἵὲθοθά
395 3695 497 3756 status
513 3689 695 3770 superiores
710 3689 742 3751 in
759 3689 818 3753 boo
842 3685 959 3767 inclyto
981 3702 1081 3764 regno
1093 3683 1247 3763 judicium
1272 3683 1359 3746 ordi-

168 3780 295 3845 narium
318 3785 367 3844 est
392 3778 596 3858 quintuplex:
1351 3857 1358 3869 .

266 3868 290 3933 l.
327 3864 597 3932 Provinciale
632 3863 773 3943 ulaine,
813 3864 864 3928 cui
904 3872 1035 3942 praeest
1066 3877 1234 3941 supremus
1269 3874 1360 3936 regni

162 3958 273 4037 judex,
310 3974 380 4020 cum
415 3955 590 4019 baronibus
625 3951 866 4034 quatuordecim
893 3957 925 4016 ct
955 3954 1025 4014 octo
1050 3948 1217 4013 nobilibus.
1254 3939 1361 4025 (Vide

168 4046 271 4111 Consi.
298 4044 390 4129 rapot
412 4041 469 4108 aab
494 4043 538 4108 lit.
565 4046 602 4107 A.
628 4030 703 4122 35.)

267 4133 308 4197 ΙΙ.
335 4130 600 4196 Provinciale
625 4131 763 4208 minus,
795 4130 845 4193 cui
877 4126 1043 4208 praesidet
1065 4123 1233 4189 vice'udcx
1257 4122 1358 4201 regni,

167 4241 240 4286 cum
267 4221 406 4300 quinque
430 4219 588 4283 nobilibus
611 4219 767 4300 personis.
794 4209 852 4297 (In
878 4216 978 4282 Cocst.
1007 4213 1046 4279 L.
1071 4143 1145 4294 60.)

266 4307 328 4372 III.
352 4309 519 4386 Curiae,
547 4307 597 4371 cui
620 4306 785 4387 praesidet
808 4321 977 4386 supremus
1003 4303 1111 4366 curiae
1140 4299 1232 4380 regni
1252 4297 1362 4380 judex,

169 4415 240 4460 cum
265 4397 437 4461 baronibus
468 4400 500 4460 et
528 4393 679 4459 nobilium
703 4411 836 4459 numero
861 4393 902 4457 ad
936 4389 1097 4455 minimum
1124 4388 1265 4452 denario.
1304 4376 1362 4464 (Io

173 4474 583 4565 mmmmmw
