3212 5008
270 426 312 495 (34
666 423 699 478 V.
719 423 888 492 ophthalmii
907 423 1062 480 Processus

367 564 572 645 Deliuquitur
586 567 710 628 autern:
724 563 789 628 Aut
803 568 978 646 proposito,
995 571 1029 630 et
1044 564 1090 630 ita
1102 563 1291 644 delinquunt
1302 565 1457 645 latrones,

269 655 323 733 qui
344 653 516 718 factionem
532 651 661 716 habent.
685 653 750 716 Aut
764 654 895 733 impetu,
921 672 1017 734 quum
1034 672 1093 733 per
1109 653 1300 718 ebrietatem
1325 658 1358 718 et
1373 654 1457 718 iram

269 742 309 806 ad
332 759 445 805 manus
475 739 525 804 vel
548 739 588 802 ad
613 737 732 803 ferrum
758 742 892 805 venitur.
925 743 989 807 Aut
1012 759 1098 820 casu,
1130 747 1165 804 ut
1197 741 1223 804 si
1254 742 1285 805 in
1309 741 1455 806 venando

268 832 365 896 telum
389 829 422 894 in
444 828 547 915 ieram
577 826 716 906 missum,
740 829 900 893 hominem
924 829 1085 895 interficit.
1110 831 1183 894 'Aut
1211 829 1305 910 facto,
1337 834 1372 893 ut
1400 831 1457 910 qui

268 937 330 983 non
346 917 514 982 lacessitus
529 915 661 996 propria
677 918 850 982 autoritate
865 918 898 980 in
915 918 1096 1000 quempiam
1113 919 1217 997 irruit,
1236 917 1455 983 insolentiam-

269 1026 330 1086 que
362 1005 502 1085 aliquam
533 1003 702 1068 committit
733 993 796 1084 (M.
822 1007 851 1071 6.
878 1006 964 1071 Dici.
990 1006 1034 1086 2.,
1059 1005 1102 1087 3.,
1127 1009 1155 1072 4.
1184 1014 1213 1068 et
1233 999 1286 1085 6.)
1319 1005 1364 1068 Et
1394 1024 1458 1070 non

269 1094 369 1158 solum
395 1091 551 1170 delinquit
575 1092 629 1171 qui
652 1092 822 1174 malefacit,
848 1095 906 1158 sed
930 1100 963 1158 et
986 1096 1014 1158 is
1037 1095 1091 1172 qui
1116 1092 1258 1158 malefico
1283 1094 1456 1173 consilium,

269 1202 361 1264 opem
385 1186 419 1246 et
442 1178 602 1258 auxilium,
637 1181 826 1247 occultando
849 1183 952 1264 ipsum
987 1188 1021 1246 et
1045 1182 1167 1262 judicio
1201 1200 1265 1245 non
1297 1181 1456 1246 tradendo

267 1276 426 1351 praestat;
451 1270 538 1346 item,
565 1268 619 1346 qui
642 1267 820 1334 maleficum
842 1273 968 1351 recipit,
993 1270 1043 1335 vel
1066 1289 1134 1335 rem
1151 1269 1301 1334 furtivam
1318 1270 1458 1334 scienter

268 1360 308 1422 ab
333 1377 370 1422 eo
386 1357 472 1422 emit.
499 1353 586 1419 Talis
602 1375 717 1437 nempe
734 1359 838 1423 socius
856 1359 996 1424 criminis
1013 1358 1142 1438 dicitur,
1161 1357 1338 1437 eademque
1354 1375 1459 1437 poena

270 1465 340 1510 cum
365 1443 534 1526 principali
557 1443 688 1522 punitur
723 1438 784 1525 (H.
809 1447 858 1512 11.
894 1447 970 1511 Dici
992 1446 1023 1510 3.
1055 1445 1091 1510 U.
1114 1445 1165 1512 31.
1191 1445 1277 1510 Dici.
1302 1444 1332 1510 2.
1369 1443 1410 1509 N.
1436 1444 1460 1508 8

268 1543 296 1597 et
319 1536 348 1600 9.
375 1535 411 1598 P.
437 1533 466 1598 5.
494 1539 522 1594 ct
544 1533 574 1604 όῖ.
598 1533 661 1596 Juc
684 1532 780 1598 Pron.
807 1535 845 1599 L.
872 1536 922 1600 17.
948 1535 986 1600 L.
1012 1534 1064 1600 24.
1091 1535 1129 1600 L.
1154 1525 1229 1613 33.)

365 1622 467 1700 Quum
490 1619 523 1682 in
546 1619 709 1684 maleficiis
742 1638 871 1703 semper
893 1629 1118 1703 praesumatur
1149 1624 1220 1704 plus
1245 1621 1337 1686 dolus
1361 1639 1457 1701 quam

267 1729 360 1775 casus
385 1715 418 1774 ct
441 1708 627 1772 attendatur
646 1710 820 1791 praecipue
845 1713 968 1775 animus
998 1710 1211 1789 delinquentis
1235 1711 1338 1789 magis
1362 1726 1458 1786 quam

226 1794 232 1804 ’
267 1805 366 1879 actuS,
398 1795 554 1876 siquidem
585 1796 731 1861 voluntas
762 1803 796 1862 et
824 1800 1021 1880 propositum
1054 1799 1251 1879 distinguunt
1280 1795 1457 1861 maleficia:

266 1888 338 1952 ideo
362 1888 394 1950 in
412 1883 546 1961 delictis
573 1883 678 1962 quoad
694 1902 830 1966 poenam
853 1888 1078 1967 imponendam
1095 1886 1304 1966 delinquenti,
1328 1890 1365 1949 ut
1385 1884 1458 1964 plu-

265 1975 380 2040 rimum
394 1971 662 2124 ¹considprandar}
680 1979 753 2036 sunt
769 1974 1039 2054 circumstantiae,
1065 1974 1237 2055 dequibus
1263 1973 1334 2037 vide
1351 1972 1395 2037 M.
1408 1973 1453 2052 5.,

265 2062 464 2143 8.,9.,10.,
533 2067 595 2124 ‚et
618 2061 668 2123 1.
1230 2125 1232 2130 .

364 2148 540 2229 liupunitas
564 2146 673 2212 delicti
695 2143 830 2231 propter
858 2155 998 2215 aetatem
1029 2169 1092 2215 non
1115 2151 1221 2228 datur,
1251 2147 1394 2213 simodo
1420 2149 1455 2211 iu

266 2257 305 2303 ea
328 2239 399 2320 quis
430 2237 481 2314 sit,
513 2234 546 2296 in
577 2254 670 2315 quarn
701 2239 832 2317 crimen,
864 2239 1164 2318 quodintcnditur,
1196 2238 1313 2303 cadere
1337 2242 1454 2317 potest.

365 2326 457 2390 Licet
481 2342 520 2387 ex
543 2323 687 2402 generali
710 2327 937 2392 cousuetudine
968 2346 1029 2391 non
1054 2327 1102 2392 ita
1124 2327 1275 2407 puniatur
1306 2324 1455 2388 delictum

267 2418 470 2491 attentatum,
505 2411 588 2475 sicut
611 2421 873 2494 consummatum,
898 2415 956 2479 sed
981 2415 1104 2479 mitius:
1141 2415 1228 2494 apud
1259 2430 1316 2476 nos
1346 2417 1456 2475 tamen

268 2503 398 2586 punitur
432 2502 580 2574 allectus}
617 2500 679 2563 etsi
712 2519 774 2566 non
817 2508 969 2582 sequatur
1007 2504 1156 2580 ellectum
1196 2500 1388 2582 praesertim
1431 2499 1458 2561 si

267 2591 401 2655 atl'cctus
423 2606 483 2670 per
505 2586 626 2666 indicia
656 2593 689 2652 et
709 2589 803 2668 cigno
833 2591 995 2654 exteriora
1018 2589 1177 2654 declarari
1208 2593 1314 2670 potest
1337 2577 1399 2666 (M
1425 2589 1455 2651 6.

266 2679 352 2743 Dici.
378 2679 407 2744 5.
439 2676 481 2742 N.
508 2673 559 2739 29.
593 2672 635 2739 N.
660 2674 712 2740 30.
745 2677 831 2742 Dici.
859 2679 886 2742 1.
920 2676 959 2743 N.
986 2677 1051 2759 33,
1078 2678 1141 2756 48,
1165 2668 1238 2757 49.)
1273 2676 1345 2739 Huc
1380 2675 1458 2738 illud

266 2768 414 2846 vulgare:
443 2760 616 2845 „Quicquid
641 2771 740 2842 agunt
763 2763 917 2846 hominen,
942 2767 1074 2831 intentio
1094 2765 1218 2845 judicat
1242 2759 1380 2828 curuos.“

366 2849 534 2933 Ejusmodi
570 2848 702 2914 allectus
737 2853 868 2931 probari
902 2859 935 2918 et
970 2853 1131 2919 declarari
1164 2857 1288 2933 potest:
1321 2852 1385 2915 Aut
1418 2868 1458 2913 ex

266 2941 392 3006 indiciis
416 2937 614 3020 propinquis,
640 2955 722 3017 quae
751 2942 927 3021 respiciunt
949 2941 1172 3022 principaliter
1202 2941 1273 3021 ipsa
1296 2939 1391 3018 lacta,
1423 2943 1458 3000 ut

266 3049 347 3094 unus
370 3030 462 3094 testis
487 3027 527 3090 de
544 3025 611 3089 viso
628 3026 678 3089 vel
701 3028 857 3094 confessio
882 3029 968 3094 facta
984 3048 1043 3109 per
1065 3047 1156 3093 reum
1173 3034 1266 3093 extra
1285 3026 1455 3105 judicium3

267 3123 323 3182 aut
346 3117 489 3195 remotis,
514 3131 597 3193 quae
620 3132 683 3177 non
706 3116 883 3196 respiciunt
898 3117 1119 3197 principaliter
1141 3117 1247 3196 ipsum
1269 3115 1400 3194 factum,
1424 3118 1459 3176 ut

269 3207 395 3285 quando
418 3205 512 3269 horno
537 3206 587 3265 est
609 3201 713 3266 malae
736 3203 840 3268 ianuae
864 3210 925 3269 etc.

365 3289 630 3372 Prospicieudum
653 3295 703 3354 est
720 3291 816 3355 etiam
836 3291 1003 3372 judicanti,
1028 3311 1069 3356 ne
1094 3293 1167 3372 quid
1191 3297 1247 3355 aut
1270 3291 1379 3368 durius
1403 3295 1459 3352 aut

265 3383 431 3449 remissius
446 3379 667 3457 constituatur,
687 3395 781 3458 quam
794 3398 892 3445 causa
909 3382 1062 3462 deposcit.
1081 3380 1149 3444 Nec
1164 3398 1279 3459 nempe
1297 3383 1352 3442 aut
1367 3395 1457 3442 seve·

265 3471 372 3537 ritatis
388 3474 444 3534 aut
466 3465 656 3532 clementiae
672 3469 776 3545 gloria
797 3469 976 3534 allectanda
998 3473 1057 3546 est,
1082 3468 1138 3532 sed
1155 3485 1312 3549 perpenso
1326 3466 1457 3548 judicio,

271 3563 368 3641 prout
394 3575 519 3638 quoque
550 3571 603 3617 res
627 3557 817 3636 expostulat,
847 3559 1050 3622 statuendum
1075 3562 1134 3620 est.
1164 3555 1209 3620 Et
1232 3558 1264 3619 in
1286 3554 1458 3632 levioribus

266 3647 371 3712 causis
401 3646 496 3727 plana
528 3641 695 3722 proniores
727 3644 768 3708 ad
799 3645 965 3710 lenitatem
996 3645 1122 3725 judices
1152 3662 1223 3708 esse
1254 3643 1389 3720 debent;
1426 3641 1458 3704 in

264 3735 465 3820 gravioribus
489 3747 599 3811 poenis
623 3733 828 3797 severitatem
853 3735 969 3814 legum,
986 3751 1058 3797 eum
1077 3733 1184 3812 aliquo
1203 3735 1458 3813 temperamento

267 3823 484 3903 benignitatis,
520 3817 611 3896 sequi
647 3826 776 3897 oportet
810 3814 873 3901 (M.
901 3822 951 3887 17.
984 3820 1070 3886 Dici.
1097 3823 1127 3884 4.
1160 3821 1203 3885 M.
1232 3820 1281 3884 19.
1314 3817 1399 3882 Dici.
1426 3817 1456 3880 1.

266 3919 302 3979 A.
327 3911 380 3975 37.
405 3910 491 3974 Dict.
513 3898 564 3987 5.)
598 3906 682 3968 Hinc
714 3925 877 3974 commune
909 3910 1002 3974 illud:
1040 3908 1236 3988 .Glimphius
1266 3914 1315 3972 est
1347 3906 1456 3987 pluria,

264 4019 359 4081 quam
375 4004 444 4064 tota
460 3994 595 4062 scientia
607 3985 720 4072 juris.“
747 3998 791 4062 Et
808 3998 893 4062 aliud
909 4003 1044 4079 poetae:
1066 3996 1188 4076 „Omne
1204 4001 1299 4060 nocet
1314 3995 1456 4070 nimium,

264 4091 395 4154 servant
419 4083 594 4149 mediocria
618 4075 746 4148 vitam.“

364 4175 403 4240 In
426 4170 595 4255 puniendis
620 4168 744 4236 delictis
771 4174 897 4254 judices
928 4192 1057 4255 semper
1081 4173 1120 4237 de
1144 4172 1223 4236 Jure
1251 4175 1361 4235 nostro
1386 4187 1456 4233 ver-

265 4267 377 4330 borum
398 4258 610 4333 Constantini,
637 4257 750 4326 licinii
775 4268 807 4326 et
823 4264 956 4327 Honorii
979 4263 1072 4342 Imp,
1098 4280 1179 4340 quae
1197 4260 1376 4339 allegantur
1399 4257 1457 4320 sub

265 4354 361 4419 litera
383 4352 427 4416 M
443 4352 494 4414 17.
513 4346 598 4410 Dici.
615 4347 657 4422 4.,
674 4367 833 4415 memores
849 4369 920 4416 esse
938 4352 1073 4416 debent:
1102 4348 1245 4430 ,Placuit
1265 4349 1297 4410 in
1313 4345 1458 4411 omnibus

264 4443 426 4522 (inquiunt
458 4431 518 4515 illi)
553 4433 697 4514 justitiae
738 4439 975 4520 aequitatisque
1011 4439 1150 4520 scriptae
1194 4435 1353 4518 potiorem
1387 4450 1459 4498 esse
