3212 5008
590 452 642 510 ro.
662 452 764 509 xxm.
784 459 811 508 a
829 451 941 511 xxm..
1320 455 1362 526 49
1465 528 1471 541 ,

261 591 311 654 De
326 590 347 654 J
349 609 406 654 ure
423 589 593 668 Caesareo,
610 590 746 656 masculi
766 592 905 672 puberes
922 595 956 655 et
970 590 1108 656 feminae
1124 591 1185 656 viri
1209 597 1358 672 potentes

156 696 265 756 usque
289 676 329 742 ad
352 678 442 742 XXV
466 697 582 742 annum
614 680 806 760 completum
834 685 1000 745 curatores
1025 679 1155 745 habent.
1181 679 1263 758 Quia
1286 681 1360 746 licet

157 767 306 847 puberes
323 767 395 844 sint,
413 766 518 830 adbuc
541 771 649 831 tamen
665 768 735 847 ejus
752 769 869 832 aetatis
885 774 967 846 sunt,
992 772 1028 831 ut
1045 786 1103 833 suo
1123 769 1254 847 negotia
1277 771 1360 835 tueri

153 873 226 918 non
244 855 374 934 possint.
393 855 507 933 ltaque
525 859 599 919 ante
615 874 688 920 eum
702 873 818 919 aunum
836 874 899 920 non
913 857 1193 936 consequebantur
1204 857 1359 923 bonorum

154 943 487 1034 administrationem,
511 943 573 1006 nisi
595 944 855 1024 impetravissent
878 946 994 1009 aetatis
1019 944 1153 1009 veniam.

262 1067 352 1121 Causa
371 1065 492 1120 efficiens
512 1065 625 1120 tutelam
646 1072 687 1120 est
704 1066 748 1120 vel
767 1072 889 1130 testator,
909 1068 950 1121 vel
970 1068 1023 1139 lex,
1043 1068 1085 1122 vel
1099 1069 1193 1137 judex.

267 1139 422 1204 Subjectum
443 1144 484 1190 est
503 1154 630 1207 persona,
650 1138 843 1192 administrans
862 1139 984 1194 tutelam.

265 1210 405 1276 Objectum
426 1217 470 1263 est
489 1209 610 1278 pupillus
630 1215 678 1263 aut
696 1209 809 1279 pupilla.

261 1282 363 1336 Forma
382 1288 424 1334 est
441 1282 503 1349 ipsa
520 1286 642 1348 potestas
657 1281 864 1335 administrandi
883 1299 927 1336 res
941 1283 1052 1354 alienae,
1069 1284 1217 1338 seeundum
1231 1285 1361 1354 cujusquo

157 1353 216 1407 fori
237 1353 469 1406 consuetudinem.

263 1425 339 1478 Finis
359 1429 401 1478 est
419 1425 584 1492 pupillorum
605 1440 670 1477 cura
690 1440 722 1477 ac
748 1439 838 1477 rerum
865 1426 985 1494 ipsorum
1005 1427 1211 1482 administratio.
1240 1428 1361 1496 Expedit

155 1498 233 1550 enim
255 1496 431 1565 reipublicae,
449 1511 484 1549 ne
503 1496 563 1564 quis
582 1511 612 1549 re
631 1511 681 1549 aua
701 1496 771 1549 male
789 1502 892 1552 utatur.

477 1724 539 1796 De
564 1723 688 1795 arbore
713 1725 1041 1824 consanguinitatis.

611 1891 775 1956 Titulus
797 1893 915 1958 XXIV.

262 2025 345 2102 Quia
363 2023 582 2104 superioribus
598 2024 698 2088 titulis
719 2024 911 2105 explicatum
928 2031 987 2104 est,
1005 2026 1145 2104 qualiter
1162 2025 1359 2090 hereditates

158 2121 197 2181 et
220 2112 343 2178 tutelae
361 2113 400 2176 ab
417 2112 569 2178 intestato
585 2113 738 2192 proximis
754 2115 880 2192 agnatis
904 2112 1102 2194 deierantur,
1125 2118 1181 2177 aut
1196 2114 1227 2178 io
1245 2114 1358 2193 quibus

154 2202 317 2284 gradibus
340 2199 471 2281 nuptiae
494 2201 558 2264 siut
580 2200 778 2280 prohibitae:
803 2219 880 2282 ergo
897 2220 960 2266 nou
976 2203 1203 2266 inconveniens
1221 2202 1357 2281 videtur,

157 2308 246 2354 nunc
271 2290 310 2353 de
335 2289 451 2353 arbore
483 2287 778 2368 consanguinitatis,
809 2308 892 2369 quae
915 2289 1138 2370 principaliter
1169 2289 1255 2354 eirca
1286 2307 1353 2352 suc·

156 2378 336 2458 cessiones,
372 2376 490 2456 tutelas
525 2380 581 2440 aut
614 2377 817 2440 matrimonia
846 2383 1002 2457 versatur,
1036 2377 1156 2456 aliquid
1188 2376 1356 2457 subjicere.

265 2485 531 2568 Consanguiuitas
572 2487 691 2552 dicitur
731 2487 821 2565 quasi
859 2486 1023 2568 sauguinis
1070 2488 1176 2551 unitas
1212 2478 1268 2564 (F.
1306 2489 1357 2552 16.

163 2576 257 2642 Diei.
274 2567 349 2656 13.)
371 2576 476 2639 Arbor
499 2573 576 2639 nihil
600 2576 686 2639 aliud
712 2574 837 2654 dicitur,
854 2593 947 2653 quam
966 2576 1105 2640 ocularis
1120 2576 1358 2652 demonstratio,

160 2665 340 2728 secuudum
366 2682 460 2746 quam
490 2680 700 2744 personarum
735 2662 908 2727 distantiae
932 2669 1040 2729 mutuo
1072 2665 1157 2728 inter
1181 2681 1215 2728 se
1239 2663 1358 2728 discer-

157 2757 292 2816 nuntur.
312 2751 373 2815 Est
388 2757 495 2818 autem
511 2751 638 2830 duplex,
653 2751 754 2815 civilis
775 2758 808 2815 et
821 2752 975 2816 canonica
991 2741 1048 2828 (F.
1063 2753 1113 2815 Id.
1130 2750 1215 2815 Diat.
1231 2750 1295 2813 2et
1305 2742 1357 2830 3.)

161 2840 274 2904 Civilis
303 2839 430 2918 dicitur,
463 2857 544 2917 quae
568 2841 687 2918 gradus
720 2839 943 2919 complectitur
975 2845 1010 2904 et
1044 2839 1084 2903 ad
1109 2839 1229 2902 tutelas
1261 2843 1294 2902 et
1317 2838 1358 2902 ad

165 2929 389 2992 successiones
404 2927 554 3006 pertinet.
581 2926 741 2990 Canonica
763 2932 822 3006 est,
844 2945 926 3006 quae
950 2927 983 2990 iu
1007 2929 1243 3007 computatione
1266 2926 1359 2990 lineis

161 3017 277 3094 ut'tur‚
300 3020 488 3094 tantumque
512 3015 716 3079 matrimonia
739 3015 881 3095 respicit.

265 3124 372 3188 Arbor
401 3123 501 3187 civilis
534 3127 567 3188 et
595 3123 757 3202 canonica,
782 3125 887 3202 quoad
918 3123 1172 3189 numerationem
1202 3124 1358 3204 graduum

164 3213 253 3277 inter
266 3213 476 3277 ascendentes
493 3218 526 3275 et
541 3212 782 3291 descendentes
800 3211 878 3275 nihil
890 3211 1049 3278 differunt.
1067 3212 1227 3291 Utrinque
1243 3230 1358 3292 nempe

166 3300 314 3381 singulae
336 3317 493 3380 personae
518 3299 658 3378 singulos
681 3305 930 3380 repraesentant
954 3301 1082 3380 gradus.
1121 3299 1228 3381 Stipes
1252 3306 1359 3364 autem

167 3389 337 3468 excipitur,
363 3388 438 3466 quia
461 3388 500 3451 ab
524 3407 561 3452 eo
587 3405 696 3451 omues
721 3387 803 3450 aliae
826 3405 984 3468 personae
1007 3394 1238 3468 propagantur.
1264 3388 1358 3452 Unde

164 3477 412 3541 Panormitauus
429 3474 548 3554 iuquit:
566 3475 666 3539 Pater
682 3480 716 3538 et
730 3474 813 3539 filius
828 3479 1039 3540 numerantur
1052 3494 1109 3556 pro
1125 3494 1189 3539 una
1204 3492 1360 3555 persona3

165 3569 242 3628 sunt
272 3567 355 3628 enim
378 3563 472 3628 unius
496 3568 529 3627 et
552 3563 695 3648 ejusdem
719 3565 891 3642 sanguinis.
926 3563 989 3628 Sed
1016 3563 1121 3642 quoad
1145 3563 1358 3641 collaterales

164 3651 261 3716 valde
290 3652 452 3717 differunt.
484 3653 554 3716 Duo
579 3652 661 3716 euim
694 3650 812 3715 iratres
843 3657 876 3715 et
907 3652 990 3714 duae
1021 3669 1157 3730 sorores
1191 3657 1247 3715 aut
1277 3671 1357 3715 uuus

165 3741 270 3805 frater
293 3747 325 3804 et
348 3757 411 3803 una
428 3758 528 3818 soror,
545 3741 585 3804 de
606 3741 678 3821 jure
695 3739 785 3802 Civili
808 3745 882 3803 sunt
905 3740 937 3803 in
961 3739 1100 3804 secundo
1117 3739 1229 3818 gradu,
1248 3741 1357 3818 quide

161 3828 239 3909 jure
254 3828 414 3892 Oenonico
439 3833 513 3892 suut
535 3827 568 3890 iu
584 3829 687 3908 primo
704 3827 818 3906 gradu.
843 3828 887 3892 Et
910 3828 992 3892 ratio
1017 3831 1076 3906 est,
1095 3827 1170 3906 quia
1192 3828 1225 3890 iu
1242 3829 1358 3893 arbore

166 3916 250 3981 civili
273 3917 304 3979 iu
338 3915 576 3981 collateralibus
606 3934 669 3979 non
693 3915 889 3980 construitur
912 3915 1037 3996 primus
1060 3915 1193 3996 gradus;
1228 3915 1358 3996 dejure

167 4023 244 4068 vero
269 4004 429 4068 Oanonico
458 4003 607 4069 constitui
631 4009 745 4084 potest.
770 4003 828 4068 lus
850 4022 964 4085 nempe
990 4003 1186 4068 Canonicum
1209 4010 1358 4068 numerat

168 4093 289 4172 gradus
312 4094 436 4157 ratione
460 4092 661 4168 matrimonii,
694 4091 777 4170 quod
808 4093 947 4171 requirit
969 4093 1048 4156 duas
1079 4109 1246 4171 personae,
1276 4110 1358 4170 quae

166 4198 263 4244 unum
299 4181 496 4245 constituunt
530 4182 681 4260 gradum,
716 4179 769 4260 jus
807 4199 883 4244 vero
919 4179 1019 4244 Civile
1054 4185 1203 4243 numerat
1239 4180 1358 4260 gradus

166 4269 293 4332 ratione
317 4269 527 4333 successionis
551 4273 583 4332 et
606 4269 737 4349 tutelae,
767 4266 822 4330 ubi
846 4267 1007 4347 quaelibet
1031 4285 1169 4348 persona
1202 4274 1357 4348 generata

167 4357 303 4435 gradum
327 4357 501 4434 coustituit.

268 4460 375 4524 Arbor
408 4459 615 4538 distinguitur
649 4457 803 4538 gradibus
838 4461 871 4519 et
904 4455 995 4519 lineis
1029 4445 1087 4536 (F.
1116 4458 1168 4522 16.
1199 4457 1286 4524 Diei.
1306 4449 1358 4539 5.)

1143 4560 1163 4626 l
