3260 5018
529 404 693 475 Respublica
712 403 833 470 Bojeme.
853 403 919 471 (lap.
938 402 1021 456 XIV.
1308 409 1372 480 255

178 553 212 613 et
232 565 287 614 res
316 547 446 627 quaevis
476 561 613 625 magnae
643 543 822 623 signantur,
852 545 938 624 regis
969 543 1068 623 signo.
1098 543 1168 609 Hoc
1191 546 1290 621 igitur
1314 551 1367 630 qni

175 636 320 716 iungitur
342 653 484 714 munere,
514 652 549 697 os
570 631 641 697 lere
664 631 762 710 Regis
786 638 836 697 est
859 636 892 696 et
915 632 1034 710 oculus,
1066 627 1160 707 μέγας
1181 628 1367 715 λογοθέτης,

178 727 233 804 qui
256 724 362 788 aulam
385 722 501 788 sectari
532 739 661 801 semper
691 726 725 784 et
753 720 872 783 circum
901 720 1023 800 Regem
1054 739 1125 786 esse
1155 723 1260 789 dehet.
1291 725 1368 791 Per·

178 831 296 892 magna
317 813 426 891 itaque
448 817 498 877 est
520 808 589 890 ejus
612 809 653 873 ad
677 807 798 887 Regem
822 808 947 889 pariter
962 814 995 873 et
1012 810 1161 889 populum
1178 812 1364 880 authoritas

180 901 277 966 Venit
299 918 370 964 oum
394 917 432 964 eo
456 904 487 965 in
510 896 730 963 sollicitudinis
754 904 878 977 partem
901 895 1210 977 Pro-Cancellarius,
1235 919 1370 979 quocum

179 989 242 1067 ille,
267 987 453 1052 Consistorii
477 986 561 1066 regii
584 1003 622 1050 ac
644 985 814 1050 sanctioris
838 984 961 1048 consilii
985 989 1182 1065 secretariis,
1206 992 1369 1059 actuariis

178 1076 347 1141 libellariis
371 1083 404 1141 et
426 1074 590 1155 quibusvis
613 1073 798 1139 ministeriis
822 1073 1016 1138 moderatur.

278 1163 682 1229 Proto-Notariatus
706 1162 772 1224 sive
789 1160 1045 1225 Primiceriatmn
1063 1163 1132 1239 quis
1152 1181 1268 1228 vocare
1286 1167 1369 1243 velit,

181 1258 358 1333 occupatur
380 1253 413 1315 in
437 1251 627 1316 scriniorum
650 1256 683 1313 et
705 1248 887 1312 tabularum
904 1249 1007 1328 Regni
1030 1250 1186 1329 sigillique
1206 1256 1371 1318 terrestris

179 1341 266 1406 fideli
298 1358 335 1405 oc
359 1341 533 1405 secretiore
560 1337 715 1413 custodia,
746 1342 812 1399 tom
835 1337 971 1416 publicis
1001 1355 1094 1418 quam
1119 1341 1252 1419 privatis
1283 1343 1372 1421 actis

181 1429 399 1494 contractibus
423 1429 587 1506 quibusvis
609 1424 779 1489 nominetis
803 1429 836 1488 et
859 1425 1071 1503 innominatis,
1094 1429 1254 1508 rebusque
1274 1433 1375 1496 omnis

182 1516 310 1595 generis
334 1514 604 1591 memorabilibus,
628 1514 747 1594 scripto
763 1513 1083 1593 comprehendendis,
1108 1521 1204 1594 atque
1228 1536 1285 1581 suo
1304 1517 1373 1582 loco

183 1605 234 1669 vel
246 1607 278 1669 in
291 1604 431 1668 minores
443 1602 494 1667 vel
505 1604 535 1666 in
550 1601 687 1681 vnajores
699 1599 1023 1680 tabulasreferendis,
1035 1604 1178 1683 itemque
1189 1605 1374 1673 cohibendis

182 1693 334 1758 tabularii
349 1692 566 1757 ministrorum
582 1690 699 1770 populo
725 1690 870 1754 onerosis
892 1691 1135 1756 extorsionibus.
1162 1693 1374 1773 'levrrporihus

182 1780 296 1862 priscis
328 1781 395 1844 viro
425 1779 479 1844 ille
509 1779 654 1842 doctrina
686 1795 779 1856 quarn
811 1795 931 1856 genere
955 1779 1084 1844 clariori
1109 1781 1319 1847 nvandabatur
1341 1777 1373 1861 ¹).

183 1868 249 1933 Sub
265 1867 318 1932 illo
335 1873 408 1933 sunt
421 1869 505 1932 dicto
518 1866 702 1930 audientes:
720 1863 748 1928 V
750 1864 977 1944 icc-Notarius,
994 1867 1089 1947 sigilli
1098 1867 1243 1947 justitiae
1258 1865 1373 1946 custos,

181 1958 423 2037 lngrossatores
440 1955 542 2034 vrnajm·
560 1958 736 2032 vninorque,
761 1959 794 2018 et
810 1953 1016 2020 Tabelliones
1040 1959 1159 2021 caeteri
1184 1976 1293 2022 omnes
1318 1976 1373 2022 seu

184 2044 326 2109 Scribae.
358 2043 580 2109 Vico-Notarii
613 2059 709 2120 porro
741 2041 904 2106 custodiae
939 2044 1192 2108 commendatum
1220 2044 1374 2124 justitiae,

125 2139 129 2146 “
182 2133 265 2213 quod
297 2131 442 2207 diximus,
474 2130 621 2210 sigillum,
652 2130 713 2193 etsi
737 2128 836 2193 Petet
854 2129 990 2195 Zemelcd
1022 2123 1179 2209 (Sigillum
1203 2133 1374 2208 terrestre)

184 2226 328 2297 vocatur,
352 2220 515 2284 diversum
539 2223 644 2283 tamen
660 2217 701 2280 ab
717 2235 755 2306 eo
771 2217 873 2297 sigillo
889 2224 947 2297 est,
966 2220 1059 2297 quod,
1085 2224 1122 2283 ut
1135 2221 1225 2299 regni
1240 2222 1375 2302 insigne,

185 2307 337 2387 religiosa
367 2307 643 2371 Protonotariatus
677 2322 755 2369 cura
785 2311 943 2372 servatur.
978 2307 1116 2386 Etenim,
1145 2314 1373 2391 praeterquam

184 2395 268 2476 quod
285 2414 362 2460 usus
385 2394 455 2473 ejus
469 2395 502 2459 in
526 2395 594 2458 sola
606 2393 751 2471 justitiae
774 2394 1050 2459 administratione
1068 2404 1126 2475 cst,
1150 2405 1376 2478 repraesentat

183 2485 216 2548 id
232 2501 294 2548 non
312 2484 446 2562 leonem,
470 2485 527 2548 sed
551 2481 765 2547 adolescentis
788 2482 896 2562 specie
917 2481 1075 2564 sculptum
1093 2485 1198 2562 gentis
1213 2487 1372 2565 quondam

184 2571 361 2654 principem
393 2571 424 2636 S.
449 2570 682 2637 Wenceslaum.
720 2568 780 2633 Est
813 2571 916 2649 imago
951 2571 1053 2636 lorica
1086 2571 1209 2652 induta,
1245 2583 1375 2652 gestans

184 2659 343 2740 incapite
368 2659 493 2739 galeam
517 2657 718 2724 semicirculo
742 2657 932 2736 redimitam,
957 2662 989 2722 et
1011 2661 1214 2738 inmanibus,
1240 2663 1374 2726 dextera

185 2748 314 2829 quidem
337 2747 498 2812 fasciolam
523 2765 620 2827 super
645 2747 789 2811 sedentis
819 2748 850 2810 in
875 2747 952 2810 sede
984 2747 1043 2813 viri
1065 2755 1171 2828 caput,
1203 2750 1243 2813 ad
1274 2751 1376 2814 instar

186 2835 293 2900 soleae
317 2836 490 2914 sinuatam;
515 2837 645 2900 sinistro
669 2852 745 2900 vero
769 2834 916 2898 vexillum
941 2825 987 2906 (id
1011 2837 1105 2915 quod,
1131 2843 1240 2916 utpote
1264 2838 1376 2903 lancea

184 2927 216 2990 in
242 2925 350 2988 ulnam
370 2924 521 3002 innitens,
546 2917 764 3003 amplectitur)
788 2929 821 2986 et
836 2923 981 3004 clypeum
999 2925 1202 3005 triquetrum,
1227 2927 1282 3005 qui
1298 2945 1375 2990 cono

185 3030 242 3076 suo
272 3013 423 3077 deorsum
453 3012 657 3092 propendens
687 3009 826 3090 aquilam
857 3011 926 3076 alas
956 3013 1188 3092 expandentem
1223 3020 1375 3079 ostentat.

185 3100 321 3180 Legitur
355 3117 451 3179 porro
485 3101 639 3180 scriptum
673 3100 704 3162 in
738 3098 948 3175 semicirculo,
984 3100 1038 3178 qui
1072 3102 1187 3180 goleoe
1223 3102 1377 3183 principis

185 3187 355 3253 incumbit:
382 3186 411 3252 S.
430 3188 719 3263 Wencezlaus;
745 3187 777 3250 in
793 3185 940 3251 lascinia:
967 3188 1077 3252 Oitat
1100 3189 1145 3252 ad
1164 3189 1375 3268 judicium,

187 3281 220 3340 et
242 3277 273 3339 in
298 3275 391 3355 sigilli
414 3274 599 3355 peripheria
622 3275 708 3338 inter
731 3273 903 3354 parallelos
927 3276 1081 3340 circulos:
1107 3270 1128 3353 'v
1148 3274 1376 3342 seusticus

185 3365 324 3428 tocius
348 3369 464 3428 terre
488 3362 564 3426 Sci.
588 3361 825 3426 Wencezlai
849 3361 968 3426 Ducis
991 3363 1122 3428 Boem.

286 3449 673 3516 Subcamerariatus
695 3448 789 3513 datus
805 3453 855 3512 est
869 3449 1059 3516 Civitatibus
1076 3451 1105 3514 in
1122 3451 1260 3516 consiliis
1278 3453 1376 3532 Regis

186 3538 416 3604 secretioribus
440 3539 593 3603 adversus
617 3538 816 3618 potentiores
841 3535 1060 3616 defendendis,
1092 3539 1253 3604 Beronum
1277 3541 1377 3620 Equi-

187 3632 295 3690 tmnve
319 3632 431 3692 contra
455 3645 510 3690 eas
534 3625 740 3706 querimoniis
763 3627 1053 3705 controversiisque
1078 3629 1316 3706 cognoscendis,
1344 3635 1377 3692 ct

189 3716 309 3793 absque
332 3713 392 3779 lori
416 3715 565 3796 strepitu,
591 3714 694 3793 quoad
718 3712 788 3777 fieri
811 3717 940 3794 potest,
978 3715 1151 3780 arbitrario
1182 3715 1256 3794 jure
1292 3735 1377 3781 corrr-

188 3802 355 3882 ponendiS,
373 3803 499 3867 mulctis
516 3802 638 3867 civibus
653 3802 693 3866 ob
710 3802 856 3865 enormia
871 3802 990 3866 delicta
1006 3803 1157 3883 irrogatis
1182 3804 1222 3867 nb
1239 3804 1377 3869 civitatis

188 3897 302 3954 senatu
317 3891 493 3970 exigendis,
517 3896 551 3955 et
574 3889 815 3970 magistratibus
841 3890 952 3952 annuis
975 3891 1008 3954 in
1032 3891 1166 3956 urbibus
1186 3893 1293 3971 regiis,
1317 3910 1377 3973 pro

189 3977 436 4059 uniuscnjusque
461 3978 549 4043 urbis
566 3978 795 4042 consuetudine
812 3977 1011 4042 innovandis.
1036 3980 1079 4042 Et
1103 3981 1245 4059 quamvis
1263 3999 1376 4043 munus

189 4064 250 4128 boc
279 4067 428 4130 vendicet
450 4067 525 4132 sibi
554 4066 642 4130 Ordo
675 4065 851 4145 Equester,
883 4065 1018 4131 liberum
1050 4073 1157 4132 tamen
1191 4068 1270 4148 Regi
1302 4069 1378 4147 jura

189 4154 382 4234 relinquunt,
406 4155 433 4217 si
459 4155 534 4218 velit
557 4154 696 4233 aliquem
720 4173 758 4218 ex
782 4153 903 4218 civibus
925 4155 1052 4233 Pregoe
1073 4156 1205 4236 Moj0ris
1229 4157 1377 4220 idoneum

190 4241 221 4305 ei
254 4241 442 4322 praeficere.
478 4241 531 4307 Sic
562 4260 582 4306 a
610 4240 815 4322 Sigismundo
846 4241 925 4321 Imp.
957 4235 1047 4323 (ono.
1081 4235 1185 4325 1436)
1216 4243 1378 4308 lohannes

189 4481 193 4488 .
291 4438 315 4504 ¹)
334 4435 460 4490 Andreas
479 4439 545 4492 baro
565 4437 599 4490 de
618 4438 704 4494 Dnba
725 4439 810 4493 M.S.
887 4472 892 4483 .
994 4473 1051 4482 .-
