3212 5008
576 458 630 515 Tit.
648 460 750 517 XXIV.
762 470 797 516 ¹et
815 461 901 518 XXV.

614 653 674 720 III.
699 655 868 736 Regula.

241 785 345 864 Quoto
370 788 475 870 gradu
489 787 594 853 lineae
617 787 796 867 inaequalis
820 787 1053 852 collateralium
1070 788 1224 853 remotior
1239 789 1337 854 distat

137 893 157 936 a
181 875 304 955 stipite,
328 880 395 939 toto
420 877 523 956 gradu
547 895 567 940 a
590 895 625 941 se
649 894 779 957 quoque
804 875 932 940 distant.

184 983 384 1064 Exemplum.
644 985 829 1072 Philippus.

296 1072 538 1137 Fcrdc'ooodua.
838 1074 974 1142 Carolus
999 1074 1147 1152 Quintae.

189 1209 190 1212 ,
298 1160 560 1226 dioaimib'onua.
838 1163 986 1250 Philipp.
1010 1187 1072 1228 cca
1095 1163 1291 1250 Hispaniae.

296 1247 497 1334 Rodolpbae.

242 1349 429 1431 Rudolphus
454 1351 554 1416 distat
577 1351 671 1416 tertio
689 1352 792 1432 gradu
809 1371 828 1416 a
846 1353 972 1433 stipite3
997 1352 1071 1417 ideo
1095 1356 1129 1416 et
1145 1372 1164 1416 a
1180 1351 1337 1434 Philippo,

139 1457 222 1518 rege
247 1438 432 1519 Hispaniae,
457 1439 556 1503 distat
579 1440 683 1519 gradu
708 1442 814 1506 tertio.

244 1548 401 1612 Arborem
418 1549 490 1612 vide
511 1549 544 1613 in
559 1549 638 1635 lure
655 1549 841 1630 Municipali
858 1549 1026 1629 Pragensi,
1043 1550 1075 1614 in
1093 1567 1155 1628 qua
1171 1552 1337 1616 observari

143 1642 291 1718 oportet:
326 1636 434 1700 Primo
464 1637 611 1702 cellulam
649 1657 793 1717 vacuam,
835 1657 916 1717 quac
945 1656 1008 1702 non
1039 1637 1139 1703 habet
1171 1640 1336 1721 propriu-nr

146 1745 280 1803 nomen;
307 1727 413 1790 vocari
439 1730 547 1804 potest
570 1725 746 1805 Petrucius,
771 1733 804 1791 et
819 1726 956 1791 babetur
979 1727 1011 1789 in
1033 1725 1119 1790 linea
1143 1729 1337 1792 ascendente

148 1820 299 1892 respectu
332 1815 508 1894 superioris
531 1831 590 1894 pro
614 1813 689 1895 filio,
721 1821 754 1878 et
777 1817 808 1878 in
831 1814 915 1880 linea
945 1812 1159 1879 descendente
1190 1820 1339 1896 respectu

145 1902 309 1966 inferioris
332 1920 390 1982 pro
415 1907 518 1981 patre,
543 1907 694 1981 respectu
717 1920 792 1966 vero
816 1901 926 1967 fratris
950 1907 983 1967 et
1006 1901 1126 1966 sororis
1142 1923 1201 1984 pro
1225 1904 1336 1968 fratre.

144 1990 294 2070 Fingitur
317 1990 400 2053 enim
418 1990 585 2054 Petrucius
608 2007 758 2071 persona,
783 1991 822 2055 de
847 1990 937 2070 cujus
954 1991 1144 2070 cognatione
1162 1991 1335 2071 quaeritur.

246 2077 402 2156 Secundo,
422 2077 455 2140 in
471 2078 717 2144 ascendentibus
733 2085 767 2143 et
782 2078 1050 2143 descendentibus
1074 2080 1147 2158 poni
1164 2085 1335 2158 utrumque

143 2184 256 2230 sexum
288 2167 320 2229 in
355 2166 467 2230 eadem
493 2167 616 2244 cellula,
649 2174 684 2230 ut
713 2172 840 2247 patrem
871 2173 904 2231 et
927 2172 1073 2246 matrem,
1104 2185 1197 2230 avum
1222 2167 1336 2245 aviam,

143 2252 244 2317 filium
263 2252 372 2331 filiam,
389 2258 539 2335 nepotem
556 2259 700 2334 neptem;
726 2257 806 2319 etin
824 2253 1011 2319 lateralibus
1028 2254 1337 2334 consanguinitatem

144 2360 220 2406 esse
242 2346 437 2422 separatam,
461 2343 506 2405 ita
531 2348 566 2406 ut
589 2345 706 2422 agnati,
737 2343 844 2407 idest
868 2341 970 2422 jnncti
999 2358 1059 2421 per
1082 2342 1250 2423 mesauloe,
1275 2343 1339 2406 sint

144 2431 178 2492 in
213 2430 327 2495 dextro
362 2428 464 2495 latere
498 2430 633 2510 arboris,
674 2434 707 2494 et
742 2431 868 2510 cognati
900 2430 1004 2508 juncti
1038 2446 1097 2510 per
1130 2429 1273 2510 feminas,
1308 2431 1339 2492 in

143 2519 275 2582 sinistro
298 2517 411 2583 latere.

251 2606 373 2684 Tertio,
395 2606 543 2671 arborem
568 2608 686 2672 dictam
702 2607 823 2672 habere
849 2605 1005 2686 duplicem
1030 2623 1196 2670 numerum
1221 2606 1252 2669 in
1275 2606 1338 2670 sin·

149 2693 233 2773 gulis
256 2693 388 2774 cellulis,
413 2694 609 2774 superiorem
627 2700 660 2758 et
683 2694 878 2760 inferiorem.
904 2693 1057 2773 Superior
1073 2694 1205 2758 denotat
1220 2693 1343 2774 gradus·

146 2784 324 2845 secundum
348 2782 495 2846 arborem
520 2783 717 2861 canonicam,
748 2782 881 2847 inferior
896 2799 972 2846 vero
997 2781 1171 2846 secundum
1191 2783 1340 2846 arborem

146 2869 281 2934 civilem.

248 2975 338 3026 Causa
358 2973 477 3028 efficiens
497 2976 620 3028 arborem
640 2982 681 3028 est
695 2973 741 3040 jus
761 2973 923 3027 Caranicum
944 2979 970 3024 et
989 2971 1078 3024 Civile.

246 3045 401 3110 Subjectum
421 3053 462 3098 est
480 3047 711 3114 consanguinitas,

249 3115 389 3182 Objectum
408 3125 471 3170 sunt
490 3119 609 3186 nuptiae,
629 3117 764 3170 successio
784 3123 831 3168 aut
849 3115 942 3170 tutela.

248 3188 348 3240 Forma
366 3195 415 3256 est,
435 3196 518 3255 prout
536 3190 580 3242 bic
599 3190 762 3256 depingitur.

249 3259 324 3310 Finis
345 3264 394 3326 est,
413 3268 443 3312 ut
462 3260 592 3313 distantia
610 3275 789 3327 personarum
808 3260 886 3312 inea
906 3258 941 3312 ad
960 3257 1066 3312 oculum
1087 3256 1293 3309 demonstretur.

390 3464 452 3536 Dc
472 3462 679 3560 probatione
698 3488 767 3560 par
785 3459 1102 3560 praeoccupationes.

566 3617 568 3623 ¹
600 3630 766 3697 Titulus
789 3629 890 3694 XXV.

250 3763 366 3842 Quinta
390 3767 514 3847 species
531 3763 728 3847 probationis
750 3767 799 3826 est
814 3761 1119 3842 praesumptionum,
1145 3779 1226 3840 quae
1242 3778 1342 3838 quan-

150 3855 256 3932 doque
279 3853 418 3933 plenam,
444 3855 635 3932 quandoque
658 3847 864 3930 semiplenam
888 3848 1016 3922 faciunt,
1031 3849 1264 3928 probationem.

250 3941 310 4004 Est
333 3948 440 4006 autem
463 3942 681 4023 praesumptio
699 3943 922 4018 argumentum
946 3937 986 4002 ad
1011 3937 1205 4001 credendum
1223 3936 1342 4016 aliquid

151 4028 282 4106 factum,
313 4045 448 4109 surgens
483 4029 735 4111 exprobatione
771 4027 920 4105 alterius3
956 4030 992 4089 ut
1015 4025 1041 4088 si
1066 4030 1205 4105 apparet
1239 4024 1341 4089 chiro·

152 4117 310 4198 graphum
346 4117 567 4198 cancellatum,
602 4115 820 4198 praesumitur
853 4113 1033 4178 debitorem
1063 4129 1133 4177 esse
1161 4113 1339 4178 liberatum.

153 4205 319 4285 Ejusmodi
351 4205 568 4286 praesumptio
593 4204 638 4284 fit,
674 4203 798 4283 quoties
832 4203 864 4265 in
895 4203 993 4266 rebus
1024 4201 1128 4264 dubiis
1163 4218 1223 4280 per
1252 4202 1343 4280 signa

155 4298 187 4357 et
221 4311 329 4358 rerum
365 4293 621 4358 circumstantias
655 4291 777 4369 eundo,
812 4289 930 4369 aliquid
966 4289 1046 4354 certi
1082 4288 1258 4366 conjicitur.
1299 4288 1345 4353 Ut

156 4381 306 4446 Salomon
338 4383 569 4462 praesumebat
597 4382 636 4445 de
661 4397 739 4444 vcra
770 4384 883 4457 matre,
915 4376 998 4456 quod
1028 4375 1182 4440 infantem
1211 4374 1343 4440 nolebat

157 4468 265 4550 dividi,
290 4469 345 4533 sed
361 4470 466 4550 potius
483 4471 588 4536 vivum
604 4468 730 4534 mulieri
754 4465 959 4531 adversariae
984 4462 1170 4542 adiudicari.
1194 4462 1240 4527 nt
1262 4463 1344 4528 tales

1104 4561 1148 4628 4.
