3196 5010
672 495 849 552 Prooemium.
1335 503 1354 570 5

161 643 280 722 linguis
303 645 337 705 et
361 641 485 706 artibus
508 640 650 705 honestis
666 641 823 720 instructi,
849 659 962 706 causas
988 642 1019 706 in
1044 641 1113 705 loro
1137 640 1354 708 defendendas

163 753 350 834 suscipiant,
374 757 408 817 et
431 751 634 816 mechanicos
658 750 743 815 viros
767 769 804 814 ac
826 750 1011 831 Thersitae,
1029 735 1168 829 'quorum
1193 752 1356 832 imperitia

163 869 201 929 ut
230 864 387 946 publicam
418 865 520 928 itaet
549 863 707 944 privatam
739 863 995 928 commoditatem
1018 863 1147 943 affligit,
1179 865 1218 929 ad
1247 865 1355 930 munia

165 977 342 1041 vocationis
365 993 442 1040 suae
467 994 538 1040 cum
562 975 663 1039 multa
686 974 826 1041 utilitate
849 975 1016 1055 repellant.

265 1087 461 1151 Praetereae
489 1085 653 1167 perhanc
676 1087 817 1168 linguam
841 1091 992 1166 tanquam
1028 1089 1183 1154 notiorem
1212 1092 1356 1179 pluribus

165 1198 347 1261 innotescet
370 1195 521 1275 iniquitas
546 1195 806 1260 calumniantium
839 1202 969 1277 gentem
994 1197 1178 1276 Bobemam,
1213 1201 1358 1282 inprimis

167 1325 244 1370 vero
269 1305 396 1370 Antonii
420 1305 525 1368 Coccii
551 1303 700 1369 Sabellici
730 1310 763 1370 et
785 1305 941 1370 lobannis
965 1306 1091 1372 Aubani
1116 1309 1357 1391 Teutobobemi,

167 1416 223 1496 qui
247 1420 379 1496 praeter
401 1413 433 1480 id
458 1413 542 1492 quod
559 1412 715 1479 Bobemos
740 1415 828 1479 varie
852 1416 1104 1495 reprehendunt,
1128 1417 1246 1502 etjam
1267 1439 1357 1500 syco-

166 1524 320 1604 phantica
343 1522 459 1602 injuria
483 1522 636 1588 adversus
659 1528 788 1588 nostras
811 1524 900 1603 leges
923 1529 957 1588 et
984 1526 1239 1606 consuetudines
1276 1531 1359 1608 quod

166 1633 235 1697 sint
250 1632 421 1709 barbarae,
438 1631 573 1710 feroces,
586 1632 778 1697 inhumanae
795 1637 828 1696 et
843 1633 883 1696 ab
901 1635 985 1697 omni
1000 1634 1124 1698 ratione
1142 1654 1179 1699 ac
1194 1638 1360 1717 aequitate

168 1745 308 1824 alienae,
332 1743 552 1824 indignissime
568 1743 771 1808 invehuntur.
795 1744 918 1809 Horum
935 1745 1073 1809 omnium
1096 1749 1361 1816 contrarietatem

168 1853 345 1919 testabitur
368 1852 456 1917 Juris
480 1851 664 1916 Communis
689 1854 855 1932 autoritas
880 1873 963 1934 quae
987 1855 1026 1920 de
1050 1859 1195 1924 omnibus
1218 1859 1362 1924 civilibus

173 1962 303 2040 officiis
330 1962 369 2026 de
392 1959 643 2039 hereditatibus,
675 1962 890 2026 contractibus
920 1968 953 2027 et
972 1963 1100 2044 judiciis
1124 1968 1170 2031 ita
1193 1968 1363 2048 praecipit,

170 2078 388 2152 utnusquam
413 2074 586 2150 enatura,
617 2089 773 2151 nusquam
805 2090 825 2134 a
855 2073 980 2138 ratione
1010 2074 1175 2140 discedere
1208 2076 1363 2156 videatur,

169 2189 206 2248 et
231 2199 324 2262 quam
355 2200 414 2261 ego
445 2181 477 2245 in
508 2181 567 2246 boc
600 2182 751 2261 opusculo
781 2187 935 2261 quantum
963 2182 1033 2248 fieri
1063 2185 1188 2264 potuit,
1220 2185 1363 2266 allegavi.

174 2294 271 2358 Unde
295 2273 452 2356 candidus
481 2292 583 2356 lector
613 2291 705 2356 facile
737 2293 857 2373 poterit
880 2311 1063 2374 agnoscere,
1085 2296 1173 2376 leges
1196 2300 1324 2361 nostras
1348 2316 1367 2359 a

174 2403 256 2466 ‚lure
280 2401 446 2464 Communi
475 2418 588 2480 parum
621 2404 676 2464 aaut
704 2400 781 2465 nihil
812 2401 949 2479 disemo,
982 2405 1173 2484 praesertim
1204 2425 1243 2470 ex
1275 2409 1365 2469 nota-

176 2512 305 2590 bilibus
323 2523 405 2590 quae
422 2515 454 2575 et
470 2511 570 2574 textui
587 2516 696 2575 nostro
712 2512 835 2576 inserta
850 2518 883 2576 et
899 2515 1035 2594 margini
1050 2514 1133 2579 illius
1150 2521 1224 2579 sunt
1240 2515 1365 2594 addita,

115 2676 118 2683 .
177 2623 240 2687 nisi
263 2622 345 2686 forte
371 2620 487 2686 alicubi
511 2621 680 2686 diversitas
709 2623 758 2687 vel
792 2622 951 2702 publicam
983 2625 1031 2688 vel
1061 2627 1257 2706 privatorum
1282 2626 1366 2690 utili·

178 2737 279 2795 tatem
315 2735 504 2809 concernat,
541 2730 588 2794 vel
631 2731 735 2794 odium
770 2731 961 2811 negligentis
995 2739 1028 2796 et
1062 2733 1198 2798 malefici
1236 2734 1370 2797 bominis

179 2842 343 2922 respiciat.

281 2951 376 3016 Tales
407 2950 507 3030 igitur
538 2952 781 3031 obtrectatores,
818 2952 887 3017 sine
922 2953 1034 3027 dubio,
1071 2953 1145 3017 visis
1173 2953 1223 3017 bis
1254 2954 1372 3017 nostris

181 3065 408 3142 conticescent,
431 3063 485 3127 ubi
504 3063 799 3140 animadverterint,
824 3082 858 3127 se
882 3082 945 3128 non
969 3064 1057 3143 leges
1081 3064 1186 3144 gentis
1201 3063 1373 3142 Bobemae,

182 3192 294 3240 verum
318 3172 406 3236 Juris
422 3172 605 3236 Communis
630 3172 827 3252 dignitatem,
854 3191 947 3253 quam
972 3190 1028 3237 nos
1052 3174 1225 3250 imitamur,
1250 3189 1376 3250 quaque

184 3283 322 3359 forsitan
335 3285 368 3345 et
382 3281 443 3360 ipsi
460 3281 614 3361 nituntur,
628 3280 839 3346 calumniatos,
849 3300 929 3362 esse,
940 3281 1016 3360 jura
1030 3282 1165 3345 honesta
1177 3279 1377 3358 iniquitatem

184 3402 219 3462 et
242 3393 489 3459 consuetudines
513 3393 608 3456 laude
634 3392 746 3472 dignas
774 3393 957 3459 barbariem
983 3392 1142 3457 beluinam
1167 3390 1374 3471 appellantes.

284 3503 383 3568 Vobis
407 3506 524 3580 autem,
550 3502 721 3581 sapientes,
747 3502 943 3583 amplissimi,
967 3506 1171 3583 praestantes
1188 3505 1220 3564 et
1243 3499 1375 3564 circum-

185 3611 288 3694 specti
312 3612 381 3688 viriq
418 3611 469 3690 qui
495 3611 619 3690 Pragae
643 3610 757 3676 triurbi
780 3614 814 3674 et
836 3630 895 3691 per
919 3611 1176 3691 augustissimum
1202 3606 1377 3673 Bobemiae

186 3742 318 3804 reguum
344 3726 448 3786 status
471 3721 571 3785 civilis
588 3722 752 3801 dignitate,
777 3721 1030 3786 immunitatibus
1054 3726 1085 3785 et
1108 3717 1282 3801 privilegiis
1303 3716 1375 3794 jure

191 3833 340 3910 fruimini,
365 3831 552 3912 opusculum
568 3831 628 3894 hoc
652 3849 731 3909 prae
755 3831 893 3895 caeteris
918 3831 1069 3894 dedicare
1085 3831 1186 3894 visum
1211 3831 1268 3891 est.
1292 3825 1375 3888 Nam

189 3945 364 4008 Processus
387 3942 437 4006 bic
467 3961 505 4005 ac
528 3941 607 4004 Jura
635 3958 717 4020 quae
741 3940 773 4003 in
797 3960 835 4004 eo
860 3941 1078 4020 continentur,
1109 3944 1142 4004 et
1164 3941 1271 4003 vestra
1303 3941 1378 3999 sunt

190 4061 223 4118 et
241 4057 381 4116 vestrum
396 4053 499 4136 lorum
515 4051 700 4132 respiciunt.
718 4051 761 4115 Et
777 4051 861 4130 quod
876 4052 967 4116 vobis
983 4049 1213 4127 defensoribus
1236 4047 1379 4111 laborem

190 4162 273 4225 branc
297 4180 400 4225 meum
425 4161 465 4225 ab
498 4161 581 4224 omui
617 4160 876 4224 calumniantium
910 4159 1078 4239 iniquitate
1113 4157 1263 4222 tutiorem
1298 4153 1378 4230 lore,

192 4270 267 4334 mihi
291 4270 516 4356 persuadeam.

292 4381 341 4446 Sit
363 4382 440 4447 licet
463 4382 621 4460 exiguum,
647 4382 729 4460 quod
755 4401 836 4446 nunc
859 4401 917 4462 pro
942 4386 1086 4462 tempore
1111 4380 1204 4456 dono,

295 4490 329 4554 Si
353 4491 482 4554 fortuna
505 4489 600 4569 volet,
623 4490 743 4571 poterit
767 4491 927 4571 supplere,
952 4490 1035 4569 quod
1059 4494 1144 4568 opto.
