3188 5008
683 447 725 500 De
743 442 896 498 maleficiis

337 597 339 600 ⁵
386 601 391 610 ’
458 607 519 679 De
543 607 688 698 ,delictis
720 604 875 703 pudentis
896 601 1115 706 ordinandis,

296 711 298 718 ,
500 704 502 708 .
587 712 987 801 etprimnmdefurto.

293 849 427 918 Furtum
463 853 541 917 nihil
565 854 650 919 aliud
681 865 730 919 est
764 854 823 919 nisi
855 851 1063 919 contrectatio
1099 851 1303 917 fraudulenta
1337 848 1388 915 rei-

194 940 331 1020 alienae,
355 941 490 1020 mobilis,
516 943 702 1023 corporalis,
728 943 779 1007 vel
803 943 899 1007 etiarn
923 959 998 1006 usus
1022 941 1102 1020 ejus,
1124 937 1384 1023 possessionisve,

193 1045 276 1108 quae
300 1027 337 1093 fit
359 1031 464 1096 animo
487 1030 570 1096 lucri
593 1029 742 1118 faciendi,
766 1031 864 1096 invito
889 1031 1017 1097 domino
1041 1019 1098 1108 (P.
1123 1018 1173 1108 1.)

290 1116 426 1182 Furtum
456 1118 573 1183 dicitur
602 1136 622 1182 a
643 1119 735 1186 furvo
759 1137 815 1183 seu
839 1120 943 1200 nigro,
973 1117 1058 1197 quod
1082 1116 1163 1182 clarn
1193 1121 1227 1180 et
1249 1115 1384 1179 obscure
1445 1151 1447 1153 -

193 1204 261 1286 fiat,
289 1208 322 1269 et
344 1205 532 1287 plerumque
555 1207 595 1271 de
618 1212 730 1287 nocte;
754 1207 805 1275 vel
828 1226 848 1271 a
869 1206 1001 1274 ferendo
1025 1210 1058 1271 et
1081 1223 1100 1268 a
1123 1204 1288 1285 portando.

293 1292 332 1358 Id
355 1311 459 1375 aeque
482 1293 623 1360 naturali
646 1315 685 1361 ac
713 1295 819 1361 divino
839 1295 913 1376 jure
944 1298 994 1360 est
1015 1293 1224 1374 prohibitum,
1242 1283 1300 1374 (Ρ.
1323 1290 1354 1356 2.
1355 1283 1386 1371 ).

294 1381 418 1461 Estque
441 1386 498 1446 aut
520 1381 734 1463 manifestum,
752 1384 879 1464 quando
901 1382 953 1448 fur
975 1383 1008 1446 in
1031 1381 1107 1464 ipso·
1123 1379 1208 1460 facto
1232 1378 1281 1444 sel
1309 1378 1386 1458 alibi

199 1486 271 1533 cum
286 1486 323 1535 re
338 1469 456 1535 furtiva
473 1469 742 1553 deprehenditur;
768 1478 899 1537 autnon
914 1470 1127 1550 manifestum,
1141 1467 1225 1548 qnod
1242 1467 1386 1534 commit·

198 1557 280 1621 titur
301 1559 370 1622 sine
397 1557 651 1639 deprehensione
675 1559 761 1625 dicto
785 1551 840 1640 (P.
866 1551 918 1639 3.)

295 1645 379 1712 Olim
396 1663 501 1727 poena
517 1651 589 1710 erat
609 1645 685 1712 furti
698 1649 738 1714 ,in
763 1647 973 1729 quadruplum
991 1646 1041 1711 vel
1057 1644 1196 1726 duplum,
1214 1643 1241 1707 si
1256 1641 1387 1706 maioris

196 1733 429 1798 aestimationis
451 1751 591 1816 persona
613 1734 659 1814 fit,
690 1736 963 1817 recompensatio;
995 1733 1127 1800 minoris
1150 1736 1258 1796 autem
1289 1729 1385 1794 aesti-

197 1820 346 1886 mationis
361 1821 450 1886 fures
466 1822 574 1902 virgis,
590 1822 726 1889 fustibus
746 1823 796 1889 vel
811 1824 999 1890 ostracismo
1014 1820 1262 1886 mulctabantur.
1281 1816 1386 1882 Hodie

194 1914 304 1974 tamen
326 1907 379 1973 fur
401 1927 538 1989 poenam
561 1909 620 1975 luit
640 1912 673 1976 in
697 1929 840 1993 corpore.
867 1912 918 1979 Ob
935 1909 1043 1976 delicti
1066 1907 1150 1973 enim
1172 1905 1386 1987 frequentiam

197 2002 231 2060 et
248 1996 342 2077 juxta
365 1997 633 2064 Constitutionem
655 2000 813 2065 Friderioi
830 1999 929 2064 Primi
951 1995 1162 2079 Imperatoris
1185 2012 1289 2076 poena
1310 1991 1387 2057 furti

197 2091 249 2149 est
270 2084 414 2165 laqueus,
438 2083 530 2174 furca
544 2086 595 2152 vel
618 2088 794 2168 patibulum
812 2078 868 2167 (P.
888 2072 1092 2166 1111111.)
1116 2082 1265 2148 Parcitur
1279 2086 1386 2145 tamen

196 2173 367 2254 aliquando
391 2175 492 2239 aetati
507 2163 564 2254 (Ρ.
580 2167 660 2256 14).
687 2176 801 2242 Dictus
817 2174 1001 2240 Fridericus
1017 2174 1097 2253 Imp.
1116 2169 1290 2246 constituit,
1313 2186 1385 2232 enin

196 2261 251 2341 qni
274 2260 414 2341 quinque
444 2261 562 2327 solidos
594 2269 650 2329 aut
678 2263 750 2346 plus
779 2262 952 2343 furaretur,
982 2261 1097 2342 laqueo
1129 2255 1385 2338 suspendendum

195 2366 284 2428 esse3
310 2349 337 2414 si
359 2349 475 2429 minus,
499 2352 604 2433 scopis
627 2355 661 2417 et
682 2350 803 2433 forcipe
827 2349 1054 2416 excoriandum
1078 2352 1111 2413 et
1134 2343 1342 2414 tondendum.
1390 2423 1394 2428 Ι

298 2437 452 2504 Ementes
476 2437 651 2506 inscienter
674 2457 727 2506 res
750 2439 884 2504 furtivas
900 2443 1051 2504 tenentur
1066 2453 1122 2501 eas
1144 2435 1212 2500 sine
1228 2430 1388 2496 refusione

199 2525 308 2606 pretii,
321 2525 545 2606 proprietariis
560 2528 745 2608 restituere,
758 2546 818 2593 nec
833 2533 967 2610 possunt
982 2543 1037 2592 eas
1049 2542 1108 2605 pro
1120 2521 1225 2604 pretio
1237 2519 1388 2586 retinere.

197 2611 236 2677 Id
271 2611 307 2677 fit
337 2613 420 2693 ideo,
451 2617 488 2678 ut
515 2613 735 2697 inposterum
766 2615 892 2682 discant
914 2614 1040 2679 cautius
1073 2608 1211 2676 mercari
1246 2601 1307 2687 (Η.
1335 2608 1384 2671 11.
1511 2665 1520 2678 .

196 2697 285 2765 Diei.
308 2699 339 2765 2.
364 2702 401 2766 Ρ.
427 2702 479 2767 15.
502 2702 565 2767 Joa
589 2703 686 2768 Pron.
712 2704 752 2767 L.
776 2703 821 2768 24
831 2697 850 2782 )

295 2787 404 2854 Canon
430 2794 496 2855 est:
522 2790 656 2871 Siquid
691 2791 839 2856 invenisti
874 2797 908 2856 et
935 2808 997 2855 non
1022 2786 1204 2864 reddidisti,
1234 2783 1386 2866 rapuisti;

197 2883 352 2956 quantum
373 2878 516 2958 potuisti,
541 2880 662 2945 fecisti:
688 2878 762 2959 quia
778 2879 849 2959 plns
864 2897 927 2944 non
950 2875 1109 2954 invenisti,
1134 2874 1207 2939 ideo
1230 2872 1301 2955 plus
1323 2890 1386 2936 non

200 2964 347 3044 rapuisti.
371 2966 460 3030 Dens
489 2985 545 3031 cor
566 2967 756 3048 interrogat,
786 2986 847 3031 non
870 2984 1008 3030 manum.
1040 2963 1134 3028 Multi
1164 2962 1233 3027 sine
1255 2964 1388 3042 peccato

198 3057 315 3133 putant
338 3071 419 3132 esse,
453 3053 481 3117 si
505 3054 654 3134 alienum,
685 3055 770 3134 quod
793 3055 982 3133 invenerint,
1012 3051 1174 3117 retineant
1204 3054 1237 3113 et
1261 3049 1386 3112 dicunt:

198 3141 287 3206 Deus
303 3139 379 3204 mihi
396 3141 495 3222 dedit,
512 3143 563 3207 cui
586 3142 689 3208 babeo
705 3141 870 3208 reddere?
893 3143 985 3223 quasi
1002 3141 1120 3218 dicant,
1145 3136 1229 3202 nulli.
1256 3137 1389 3200 Discunt

200 3245 289 3308 ergo,
315 3235 483 3309 peccatum
503 3228 604 3295 simile
628 3248 699 3296 esse
724 3231 867 3310 rapinae,
891 3231 1010 3309 siquis
1033 3229 1163 3292 invento
1186 3241 1247 3288 non
1272 3223 1387 3288 reddit.

197 3307 306 3394 (Vide
326 3317 390 3381 Jua
414 3319 513 3406 Pray.
539 3319 575 3382 P.
603 3309 674 3392 17.)

197 3461 200 3466 .
296 3404 387 3469 Furti
421 3425 524 3486 poena
558 3413 710 3472 tenentur
744 3409 779 3469 et
811 3404 866 3483 illi,
903 3423 1037 3486 quorum
1068 3421 1139 3484 ope,
1178 3399 1308 3465 consilio
1340 3399 1387 3462 vel

200 3493 422 3572 quoquomodo
446 3492 562 3559 furtum
594 3500 645 3558 ast
671 3494 801 3559 factum.
834 3484 905 3572 (De
932 3493 983 3558 lin
1012 3492 1087 3556 vide
1115 3511 1221 3574 snpra
1248 3485 1388 3553 Titulcia

200 3579 242 3644 de
265 3580 402 3645 delictis.
419 3582 514 3746 -)Η.
541 3583 591 3648 11.
617 3581 703 3647 Dia.
729 3582 758 3646 3.
786 3581 830 3644 N.
854 3580 883 3646 8.
917 3582 953 3645 P.
980 3583 1008 3646 5.
1037 3589 1065 3644 et
1089 3580 1123 3644 P.
1149 3581 1177 3642 6.
1204 3577 1267 3644 Jua
1290 3576 1385 3638 Pron.

298 3755 430 3821 Furtum
460 3757 564 3838 majus
596 3758 635 3822 de
665 3763 757 3822 noete
789 3759 1011 3838 perpetratum
1042 3758 1075 3819 in
1098 3754 1201 3832 horto,
1232 3753 1323 3816 vinea
1357 3755 1390 3816 et

157 3895 162 3904 .
199 3842 306 3908 fundis
321 3843 447 3923 laqueo,
464 3846 567 3909 minus
583 3863 660 3910 vero
677 3846 716 3911 de
732 3844 785 3909 die
802 3845 1013 3924 commissum,
1032 3843 1194 3913 oculorum
1210 3841 1389 3915 privatione

200 3931 332 4010 punitur
354 3922 411 4005 (P.
428 3925 510 4014 19).
535 3933 645 3998 Talem
668 3932 771 3998 furem
795 3932 822 3996 si
847 3933 916 4012 quis
932 3931 1141 4010 interfecerit,
1165 3929 1244 3994 nibil
1260 3928 1388 4006 amittit,

201 4017 276 4082 dum
300 4018 380 4084 duos
404 4021 515 4086 obulos
540 4021 636 4102 capiti
659 4022 757 4100 ipsius
781 4021 915 4099 imponit
938 4011 992 4095 (P.
1020 4019 1064 4084 18
1086 4027 1115 4082 et
1136 4020 1174 4084 Ρ.
1195 4008 1269 4097 20.)

299 4106 398 4172 Pater
422 4112 533 4173 contra
557 4107 666 4187 filium,
697 4108 831 4174 maritus
862 4113 974 4172 contra
996 4105 1127 4173 uxorem
1158 4107 1283 4171 actione
1313 4104 1388 4168 furti

200 4210 262 4256 non
285 4198 395 4274 potest
418 4213 526 4277 agere,
558 4197 767 4262 uisitatione
800 4198 977 4260 amotarum
1003 4213 1113 4259 verum
1144 4198 1257 4260 contra
1280 4191 1387 4256 nolun-

200 4287 309 4346 tatem.
333 4285 484 4349 Actiones
508 4303 622 4364 nempe
646 4283 828 4364 hujusmodi
852 4286 925 4347 sunt
948 4284 1091 4348 famosae
1114 4272 1169 4362 (Ρ.
1197 4271 1268 4362 13.)

298 4371 371 4436 Huc
400 4372 540 4453 pertinet
576 4377 608 4436 et
637 4371 787 4453 plagium,
818 4371 945 4451 quando
980 4372 1050 4450 quis
1084 4369 1215 4436 abducit
1245 4376 1278 4437 et
1307 4366 1390 4432 celat

198 4458 283 4538 patri
313 4457 424 4540 lilium,
446 4460 573 4526 domino
595 4477 733 4538 servum,
757 4459 954 4539 reipublicae
990 4458 1101 4540 civem,
1134 4475 1253 4544 eosque
1285 4455 1389 4524 sciens
