3188 5008
672 429 705 485 V.
725 429 893 499 Ophthalmii
910 428 1069 487 Processus.

520 622 582 694 Dc
599 622 891 720 procuratoribus
916 637 949 696 ct
973 624 1226 698 mandatariis.

745 786 907 852 Titulus
930 788 1002 853 VII.

376 920 507 999 Quando
520 923 630 1001 partes
642 937 704 982 non
716 919 825 984 volunt
836 921 886 984 vel
895 941 958 986 non
970 927 1102 1002 possunt
1113 923 1212 988 rebus
1224 923 1289 988 suis
1300 925 1469 1004 interesse,

276 1029 335 1094 per
357 1014 586 1094 procuratores
610 1025 708 1088 agere
732 1007 783 1072 vel
807 1010 970 1075 conveniri
992 1015 1137 1091 possunt.

380 1099 438 1164 Est
461 1102 567 1162 autem
583 1100 776 1176 procurator
798 1089 853 1174 (de
870 1115 930 1177 quo
952 1098 1004 1164 hic
1019 1092 1193 1178 loquimur)
1217 1099 1391 1177 virbonus,
1415 1102 1470 1180 qui

197 1234 198 1240 κ
279 1188 416 1252 alienam
445 1186 533 1251 litem
563 1183 715 1250 mandato
742 1184 862 1250 domini
892 1205 931 1252 ex
961 1191 1050 1252 certa
1092 1189 1242 1254 mercede
1273 1188 1472 1267 judicialiter

278 1276 482 1341 administrat
504 1263 562 1354 (B.
587 1272 638 1338 24.
665 1271 750 1336 Dist.
777 1264 828 1355 1.)

379 1364 429 1428 De
444 1362 523 1426 lure
539 1360 706 1426 communi
728 1361 809 1426 alius
833 1367 882 1428 est
899 1369 1090 1444 procurator
1112 1383 1231 1444 rerum,
1256 1363 1335 1428 alius
1351 1364 1469 1444 litium3

279 1453 331 1517 bic
353 1456 544 1532 procurator
567 1449 607 1511 ad
631 1449 730 1528 litem,
755 1449 807 1514 ille
830 1453 1031 1530 negotiorum
1056 1459 1168 1533 gestor
1191 1452 1381 1534 appellatur.
1404 1453 1473 1517 Nos

280 1559 356 1606 vero
380 1540 483 1619 ipsum
507 1538 641 1602 dicimus
666 1537 856 1618 quandoque
878 1541 1127 1618 ¹mandatarium,
1159 1540 1349 1622 quandoque
1373 1559 1473 1621 nego-

280 1630 399 1694 tiorum
427 1627 656 1706 praepositum,
691 1625 744 1702 qui
777 1625 816 1690 de
840 1626 915 1706 J'ure
937 1633 1048 1694 nostro
1079 1629 1147 1693 sine
1171 1647 1228 1708 spe
1251 1629 1409 1692 mercedis
1432 1647 1474 1692 ex

281 1735 371 1781 mera
384 1712 740 1881 charitati2s)atl'ectione
752 1711 872 1790 judicio
885 1716 1082 1782 intervenire
1101 1717 1198 1781 debet
1212 1707 1256 1797 (I.
1272 1718 1323 1780 49.
1338 1717 1422 1780 Diei.
1440 1718 1469 1781 1.

226 1835 228 1840 ·
280 1803 383 1872 [52.
410 1801 496 1867 Diat.
545 1852 552 1865 .

379 1890 423 1954 Et
447 1890 628 1954 admittitur
650 1889 682 1953 in
707 1889 853 1953 omnibus
870 1891 985 1971 causis,
1010 1893 1151 1972 exceptis
1176 1892 1237 1956 illis
1261 1897 1406 1972 quatuor,
1432 1893 1473 1958 de

281 1980 396 2060 quibus
415 1995 512 2059 supra
528 1977 560 2040 in
573 1976 634 2040 Tit.
656 1977 697 2040 de
711 1978 940 2056 comparitione
959 1981 1104 2058 diximus,
1122 1980 1284 2059 inquibus
1307 1997 1381 2044 reus
1397 1999 1472 2060 per-

283 2067 437 2133 sonaliter
448 2081 635 2145 comparere
648 2069 786 2130 tenetur.
794 2055 851 2142 (A.
862 2066 912 2132 53.
924 2068 1008 2134 Diat.
1017 2068 1047 2134 2.
1057 2069 1119 2132 Jas
1127 2089 1225 2152 prou.
1236 2067 1265 2134 U.
1276 2068 1326 2132 48.
1337 2059 1473 2156 influe.)

379 2157 417 2220 ln
448 2155 551 2218 causis
575 2150 718 2217 civilibus
743 2151 877 2232 quilibet
905 2160 1013 2234 potest
1043 2157 1090 2220 uti
1111 2157 1387 2236 procuratoribus
1416 2157 1474 2221 sed

281 2263 344 2308 non
365 2244 398 2306 in
423 2240 647 2306 criminalibus.
679 2239 761 2304 Nam
796 2242 823 2304 si
845 2242 1058 2309 interveniret
1079 2251 1282 2325 procurator,
1314 2245 1376 2308 duo
1399 2245 1474 2308 inde

284 2336 496 2411 sequerentur
510 2328 730 2393 inconventia:
754 2329 909 2411 Primum,
927 2334 1011 2410 quod
1029 2350 1169 2415 persona
1186 2334 1366 2413 puniretur,
1392 2350 1474 2410 quae

283 2439 346 2484 non
369 2417 564 2498 deliquisset,
587 2417 736 2496 secundo,
762 2417 846 2496 quod
862 2420 1012 2484 amissum
1027 2439 1090 2484 non
1113 2425 1223 2501 posset
1241 2421 1392 2500 consequi
1415 2438 1475 2500 per

284 2507 440 2571 actionem
464 2504 610 2569 mandati
628 2505 833 2584 contrariam,
857 2506 951 2570 sicuti
968 2509 1002 2571 in
1026 2509 1181 2573 civilibus.
1206 2508 1308 2587 quue
1330 2509 1369 2572 de
1392 2508 1472 2573 Jure

284 2595 457 2659 Caesareo.
1069 2655 1072 2660 ,

381 2681 517 2746 Inolevit
540 2679 735 2746 consuetudo
758 2681 791 2744 in
814 2682 883 2746 l'oro
906 2689 1028 2764 nostro,
1057 2689 1093 2748 ut
1115 2684 1335 2763 procuratoris
1363 2684 1473 2765 appel-

285 2771 404 2836 latione
427 2775 462 2833 et
484 2769 659 2834 advocatus
683 2787 741 2833 seu
767 2769 944 2836 causidicus
969 2773 1181 2837 contineatur.

383 2858 565 2923 Advocatus
597 2857 723 2936 dicitur,
756 2859 809 2938 qui
841 2876 964 2938 quoquo
994 2861 1099 2924 studio
1129 2864 1293 2940 operatur,
1326 2866 1359 2923 et
1381 2862 1408 2922 is
1432 2861 1473 2925 de

283 2948 362 3013 lure
370 2946 536 3011 Communi
550 2946 702 3010 salarium
715 2961 805 3010 suum
821 2945 907 3011 licite
919 2947 1010 3028 petit,
1025 2950 1099 3027 quia
1111 2947 1225 3028 dignus
1243 2954 1293 3012 est
1308 2950 1474 3027 operarius

284 3036 433 3100 mercede
445 3052 513 3099 sua.
531 3035 624 3100 Unde
640 3040 674 3097 et
686 3033 785 3113 judex
800 3036 833 3100 in
848 3032 1029 3100 honorariis
1046 3036 1275 3100 advocatorum
1291 3036 1337 3100 ita
1354 3038 1475 3100 versari

284 3125 389 3202 debet,
421 3127 457 3187 ut
479 3122 656 3203 pro'modo
679 3121 744 3186 litis
774 3139 896 3202 proque
919 3123 1067 3188 advocati
1087 3123 1237 3187 facundia
1261 3129 1294 3187 et
1316 3123 1378 3188 fori
1401 3143 1475 3188 con-

285 3212 452 3277 suetudine
469 3216 502 3275 et
513 3210 635 3291 judicii,
660 3209 690 3274 in
710 3227 772 3289 quo
789 3215 862 3274 erat
877 3217 1017 3291 acturus,
1042 3212 1296 3276 aestimationem
1313 3212 1474 3291 adhibeat,

286 3299 455 3364 dummodo
479 3299 602 3363 licitum
625 3298 831 3363 honorarium
855 3302 1017 3378 quantitas
1040 3318 1103 3365 non
1128 3301 1322 3378 egrediatur.

385 3389 435 3451 De
458 3389 606 3452 mercede
623 3387 843 3466 procuratoris
855 3387 930 3465 jura
947 3393 1057 3452 nostra
1074 3391 1229 3465 statuunt,
1253 3407 1294 3451 ne
1317 3407 1356 3452 ex
1381 3404 1477 3453 eausa

283 3476 478 3557 pecuniaria,
496 3475 692 3540 ascendente
705 3473 746 3540 ad
755 3481 880 3539 centum
898 3493 1074 3556 sexagenas
1090 3493 1282 3554 grossorum,
1296 3477 1366 3556 plus
1380 3494 1473 3556 quam

286 3565 366 3628 duas
397 3581 573 3643 sexagenas
604 3580 673 3626 cum
705 3562 836 3626 dimidia
865 3564 983 3628 tertiae
1011 3565 1131 3628 habeat
1171 3554 1228 3641 (B.
1254 3563 1306 3628 33.
1333 3565 1418 3628 Diei.
1446 3565 1472 3627 1.

284 3654 347 3718 Jus
364 3674 460 3735 prou.
486 3651 520 3716 U.
539 3643 602 3732 4.),
627 3655 660 3714 et
691 3669 731 3715 ex
759 3667 855 3714 causa
886 3651 1079 3716 ascendente
1111 3651 1152 3714 ad
1182 3651 1270 3715 mille
1302 3669 1476 3732 sexagenas

287 3758 386 3822 grass
411 3757 474 3804 non
519 3740 569 3804 lus
592 3757 686 3819 quam
704 3735 745 3802 ‘25
769 3755 833 3802 sex.
857 3755 904 3817 gr.
930 3740 1068 3820 accipiat
1095 3729 1152 3816 (B.
1170 3739 1223 3804 33.
1245 3739 1330 3806 Dirc.
1357 3740 1387 3805 2.
1415 3741 1476 3805 Jus

279 3851 375 3914 prou.
405 3827 439 3892 U.
457 3757 518 3908 di.
544 3826 582 3893 In
598 3826 826 3902 criminalibus
852 3827 977 3905 quando
996 3828 1102 3906 agitur
1114 3829 1154 3891 de
1178 3827 1303 3892 delictis
1326 3836 1359 3892 et
1382 3848 1475 3909 prae-

280 3917 400 3998 judicio
434 3915 557 3995 famae,
591 3923 723 3996 praeter
739 3911 767 3984 ,5
791 3932 855 3978 sex.
880 3933 928 3994 gr.
953 3914 1031 3978 nihil
1054 3915 1084 3978 ei
1115 3920 1302 3980 numeretur
1337 3908 1394 3997 (B.
1424 3916 1472 3981 33.

285 4003 372 4069 Dici.
386 3995 457 4084 4.);
480 4003 537 4068 sed
556 4005 594 4068 de
612 4003 689 4069 lure
705 4003 799 4067 ProV.
819 4003 879 4066 hoc
901 4021 977 4066 casu
997 4008 1104 4084 potest
1125 4009 1317 4083 procurator
1333 4006 1474 4070 obtinere

286 4091 326 4156 to
349 4111 414 4157 sex.
439 4111 486 4172 gr.
512 4084 618 4170 (Vide
640 4093 675 4156 iu
696 4093 779 4156 Jurc
802 4092 897 4156 Proo.
928 4091 962 4159 U.
989 4081 1040 4171 4.)

384 4183 421 4246 ln
438 4181 541 4244 causis
557 4185 666 4245 autem
679 4180 758 4260 aliis,
776 4185 810 4244 ut
826 4185 899 4245 sunt
921 4179 1120 4258 injuriarum,
1141 4179 1322 4256 violentiae,
1339 4178 1474 4243 vulneris

286 4270 366 4333 illati
389 4274 423 4332 et
446 4268 603 4348 similium,
627 4275 820 4348 procurator
841 4263 1008 4331 habebat
1032 4285 1096 4330 sex.
1115 4285 1173 4348 gr,
1198 4268 1225 4331 si
1250 4269 1380 4331 clientes
1404 4269 1476 4330 sunt

286 4357 418 4436 divites3
453 4357 479 4418 si
508 4374 583 4419 vero
614 4361 688 4420 sunt
715 4373 887 4437 pauperes,
923 4355 1096 4418 secundum
1128 4355 1247 4436 judicis
1282 4355 1475 4419 taxationem

286 4445 390 4508 minus
413 4443 530 4522 accipit
553 4434 612 4520 (B.
636 4441 687 4510 33.
714 4443 800 4508 Dict.
826 4432 879 4522 5.)
