3260 5018
543 514 711 584 Respublica
729 515 851 583 Bojema.
871 516 937 584 Cap.
957 517 1032 575 XVI.
1321 520 1386 589 267

191 653 321 736 publico
351 653 569 731 emendandis,
598 651 807 730 illustrandis,
835 652 1043 735 explicandis,
1067 655 1325 738 multiplicandis,
1349 663 1385 720 ut

192 744 291 824 prior,
324 742 372 806 ita
398 760 459 808 uec
487 746 600 806 nostra
629 739 711 804 haec
739 742 901 820 posterior
930 747 1033 822 aetas,
1067 745 1149 808 viam
1178 744 1239 808 sibi
1268 743 1383 821 claudi,

196 830 248 895 vel
270 830 379 910 segnis
402 849 440 896 ac
462 829 614 910 imperita
638 827 740 892 videri
765 829 873 893 voluit.
898 828 988 894 Idem
1011 831 1160 896 videlicet
1183 831 1267 911 quod
1284 833 1385 912 patri-

195 919 255 983 bus
277 918 377 998 licuit,
399 917 474 984 filiis
497 919 595 982 licere
620 933 745 995 quoque
769 917 984 983 existimabat.
1009 918 1160 985 Libertas
1175 918 1256 984 haec
1272 919 1386 999 patriis

193 1007 337 1071 moribus
356 1007 500 1085 subnixa,
524 1023 584 1069 nec
600 1004 773 1069 Wladislao
789 1005 871 1085 Regi
891 1004 1052 1086 displicuit
1068 1008 1151 1087 olim,
1176 1008 1230 1086 qui
1247 1007 1386 1072 Ordines

192 1094 350 1173 Boiamos,
382 1095 458 1174 quia
486 1093 581 1158 liberi
609 1093 683 1172 sint,
714 1093 746 1157 in
769 1094 857 1172 leges
881 1111 965 1174 suas,
997 1095 1081 1172 quod
1104 1095 1232 1176 publice
1255 1095 1384 1176 placuit,

193 1181 367 1262 referendi,
392 1183 477 1262 quod
497 1181 669 1262 displicuit,
695 1181 885 1261 antiquandi
900 1178 1021 1247 habere
1038 1200 1167 1264 semper
1181 1188 1386 1264 potestatem,

194 1270 312 1335 alieubi
338 1263 363 1349 ¹)
394 1277 445 1335 est
463 1269 584 1349 judicio
608 1274 733 1334 maturo
757 1273 902 1334 testatus.
932 1270 977 1334 At
999 1271 1074 1349 quia
1096 1273 1223 1336 inutiles
1246 1271 1384 1351 alioquin

193 1376 253 1423 nee
276 1358 340 1422 vim
364 1358 460 1422 ullam
483 1357 652 1422 habiturae
676 1355 812 1421 luissent
833 1357 894 1422 hae
917 1356 1015 1438 leges,
1044 1358 1106 1423 nisi
1135 1358 1296 1424 ministros
1322 1359 1384 1423 illis

193 1452 228 1513 et
256 1446 451 1528 interpretes
483 1445 575 1510 datos
606 1463 644 1510 ac
672 1449 782 1510 erecta
808 1445 874 1524 juri
903 1463 975 1511 cum
998 1447 1196 1512 authoritate
1218 1447 1383 1512 reddendo

194 1535 369 1601 tribunalia
389 1533 610 1613 intelligerent
631 1537 886 1612 reverenterque
909 1533 1062 1614 homines,
1087 1537 1194 1616 pravis
1217 1534 1383 1600 affectibus

193 1624 259 1687 suis
288 1640 381 1702 quam
411 1622 535 1703 legibus
565 1621 845 1701 obsequentiores:
875 1639 915 1684 ea
944 1627 1078 1703 propter
1105 1640 1271 1688 occursum
1300 1622 1382 1686 malo

193 1712 248 1776 isti
270 1713 302 1775 iu
318 1709 464 1790 Bojemia
487 1714 537 1774 est
559 1710 746 1789 prudenter,
772 1709 1041 1790 magistratusque
1067 1718 1099 1775 et
1120 1710 1243 1790 judicia
1261 1711 1383 1775 unicui-

194 1817 255 1878 que
284 1799 414 1878 negotio
443 1815 511 1877 sua,
541 1796 692 1877 religioso
715 1796 867 1861 videlicet
888 1798 1051 1880 religiosa,
1082 1799 1214 1880 prolana
1238 1798 1384 1880 prolana,

192 1891 266 1952 sunt
288 1887 471 1951 constituta.

289 1996 332 2060 ΙΙ.
356 1996 405 2060 De
420 1995 588 2077 religiosis,
608 2013 689 2074 qnae
706 2014 785 2077 opus
802 1997 1002 2076 videbantur,
1022 1997 1159 2062 diximus
1171 1996 1240 2077 jam
1255 2003 1330 2061 ante
1342 1989 1380 2075 ²).

193 2084 333 2151 Profaua
355 2102 412 2149 seu
434 2085 575 2167 politica,
605 2084 751 2148 similiter
773 2091 809 2148 ut
831 2102 965 2148 munera
988 2085 1127 2166 publica,
1158 2084 1382 2164 distinguimus

192 2173 285 2253 vulgo
308 2173 341 2236 in
364 2173 532 2253 superiora
555 2177 588 2236 et
611 2171 774 2237 inferiora.
800 2171 977 2252 Superiora
1001 2191 1158 2252 vocamus
1183 2190 1292 2237 coram
1313 2173 1381 2253 qui·

193 2262 252 2326 bus
275 2261 422 2342 inprimis
445 2260 604 2339 nobilitas,
633 2259 798 2336 interiora,
831 2279 938 2326 eoram
968 2261 1083 2341 quibus
1113 2261 1198 2326 cives
1227 2259 1382 2341 plebsque

194 2349 376 2430 promiscua
395 2349 592 2414 convenitur.
617 2349 765 2428 Utraque
781 2365 820 2411 ex
832 2349 906 2430 jme
922 2351 1026 2429 gentis
1042 2350 1158 2429 patrio,
1183 2343 1237 2413 illa
1253 2348 1383 2428 quidem

193 2436 388 2518 provinciali,
420 2437 501 2502 haec
530 2455 606 2502 vero
636 2435 822 2516 municipali
852 2438 891 2501 de
923 2437 1026 2502 causis
1052 2437 1215 2517 judicant;
1246 2447 1382 2516 utraque

193 2526 335 2590 moribus
372 2524 486 2607 priscis
521 2524 736 2606 approbatum
771 2525 914 2590 ordinem
948 2542 1197 2606 processumque
1232 2532 1379 2602 servaut;

193 2618 329 2693 utraque
363 2613 525 2678 habentur
559 2614 644 2694 apud
679 2630 787 2677 omnes
817 2631 973 2694 perquam
997 2613 1208 2691 venerabilia3
1244 2617 1379 2692 utraque

194 2707 267 2766 sunt
289 2700 340 2765 vel
362 2701 526 2766 ordinaria
549 2703 599 2767 vel
622 2701 889 2780 extraordinaria,
925 2703 1144 2783 dignitateque
1175 2706 1209 2764 et
1236 2701 1378 2765 authori-

194 2793 260 2854 tate
290 2789 355 2853 alia
385 2789 455 2853 aliis
485 2790 704 2854 eminentiora.
737 2787 900 2854 Sermonis
928 2790 1008 2854 alius
1033 2796 1262 2870 praeterquam
1285 2787 1378 2866 Boje-

192 2875 265 2953 mici
287 2894 372 2956 usus,
405 2878 530 2957 legibus
558 2879 590 2942 in
620 2879 659 2943 iis
687 2877 814 2958 penitus
844 2885 894 2943 est
923 2879 1040 2942 vetitus
1065 2871 1101 2956 ³).
1137 2876 1296 2953 Testibus,
1326 2876 1379 2955 qui

191 2965 319 3045 generis
342 2965 514 3045 splendore
534 2971 696 3032 antestant
720 2965 770 3030 vel
792 2964 930 3046 alioquin
954 2967 1019 3031 suis
1041 2964 1182 3030 scurriliae
1204 2964 1381 3044 insignibus

191 3053 341 3133 gaudent,
371 3052 404 3115 in
435 3054 540 3118 causis
570 3054 603 3118 in
633 3054 746 3134 quibus
776 3072 837 3118 non
861 3054 901 3118 de
925 3055 1041 3136 capite,
1072 3052 1168 3134 fama,
1198 3052 1380 3118 hereditate

192 3143 310 3220 agitur,
343 3141 549 3207 arbitrarium
572 3161 633 3222 per
656 3141 745 3222 leges
769 3146 819 3206 est
836 3132 861 3221 ⁸)
892 3134 991 3222 (quod
1015 3148 1131 3220 tamen,
1163 3142 1293 3205 dustria
1315 3140 1379 3204 lor·

193 3233 281 3294 tasse
316 3235 349 3294 et
378 3229 516 3294 Bavaria
546 3232 698 3310 exceptis,
734 3231 811 3294 alibi
845 3248 905 3294 nec
941 3230 1026 3295 valet
1060 3248 1120 3296 nec
1154 3248 1247 3294 usum
1280 3227 1379 3293 habet

189 3311 312 3397 ullum),
350 3317 519 3397 utrobique
555 3317 770 3384 testimonium
807 3324 881 3397 post
916 3317 1189 3383 denuntiationem
1224 3317 1274 3381 vel
1307 3333 1378 3380 ore-

190 3408 285 3470 tenus
316 3406 366 3470 vel
396 3405 429 3470 in
459 3405 587 3486 scriptis
617 3405 799 3487 perbibere,
834 3401 1002 3470 dummodo
1027 3407 1161 3484 quisque
1185 3405 1380 3485 scripturam

189 3493 375 3573 testimonii,
398 3510 462 3558 non
486 3494 587 3559 solum
610 3493 823 3574 chirographo
848 3493 1059 3574 subscriptam
1086 3494 1214 3558 claudat
1229 3501 1262 3556 et
1277 3492 1380 3572 sigillo

190 3581 320 3660 proprio
351 3601 407 3647 suo
438 3582 489 3646 vel
519 3581 658 3646 familiae
688 3583 846 3661 obsignat,
877 3600 989 3646 verum
1012 3582 1109 3647 etiam
1132 3599 1191 3661 per
1214 3582 1378 3645 solennem

192 3670 372 3748 scripturae
388 3669 547 3751 adJectam
565 3668 738 3734 clausulam
762 3665 934 3748 (nimirum,
959 3688 1040 3748 quae
1065 3669 1110 3734 sic
1132 3669 1272 3749 deponit,
1295 3670 1377 3732 iute-

191 3774 250 3836 gra
272 3757 312 3821 ab
336 3776 371 3823 se
389 3755 462 3837 fide,
487 3777 547 3823 nec
570 3758 634 3824 ullo
658 3759 782 3822 animae
805 3757 947 3838 periculo
971 3753 1101 3838 deponi)
1127 3756 1233 3821 verbis
1248 3757 1378 3821 disertis

191 3843 393 3911 testificetur.
419 3846 501 3924 Quia
524 3847 608 3910 enim
632 3847 832 3927 experientia
855 3847 949 3927 longa
972 3846 1139 3926 explorata
1161 3852 1211 3910 est
1233 3844 1378 3925 Bojemo-

189 3950 270 4012 rum,
294 3934 488 4012 praesertim
500 3935 702 4015 nobiliorum,
726 3935 871 4000 certain
895 3933 988 3998 dictis
1010 3933 1167 4013 factisque
1192 3931 1283 4012 fides,
1306 3932 1379 3996 ideo

191 4019 269 4086 nibil
299 4021 350 4086 hic
379 4023 479 4088 visum
510 4027 561 4086 est
591 4040 673 4101 esse,
705 4023 913 4103 quamobrem
936 4022 987 4086 vel
1010 4021 1098 4087 fraus
1121 4020 1170 4085 vel
1194 4021 1379 4086 subomatio

192 4106 242 4171 vel
264 4107 442 4189 perjurium
465 4115 672 4178 metueretur.
709 4111 812 4174 Latae
846 4113 878 4175 in
909 4109 1037 4189 judiciis
1071 4110 1157 4174 hisce
1188 4109 1378 4185 sententiae,

190 4198 383 4276 praesertim
419 4217 490 4263 cum
524 4199 557 4263 in
592 4217 661 4263 rem
691 4197 868 4277 judicatam
898 4199 1035 4278 transiit,
1070 4197 1227 4263 obluctari
1250 4197 1378 4278 impune

290 4395 314 4462 ¹)
333 4393 449 4449 Wladis.
464 4395 531 4464 Reg.
544 4396 678 4451 Decision.
700 4412 761 4450 aun.
782 4398 858 4462 1502,
876 4395 899 4460 §.
915 4397 939 4450 5.
976 4393 1003 4461 ²)
1023 4395 1090 4461 Cap.
1103 4393 1150 4462 Vl,
1168 4395 1193 4460 ὃ.
1215 4395 1256 4465 15,
1275 4398 1317 4464 17,
1336 4396 1377 4454 la·

191 4462 216 4530 ³)
242 4465 387 4520 constitut.
407 4468 493 4536 regni,
513 4467 542 4521 Β,
563 4471 605 4525 32.
625 4468 675 4522 Jus
695 4467 825 4534 Municip.
844 4464 875 4519 B.
896 4469 920 4522 8.
959 4464 984 4533 ²)
1010 4465 1153 4520 constitut.
1173 4466 1256 4535 regni,
1281 4466 1315 4521 X.
1335 4470 1377 4524 26.

188 4536 240 4590 Jus
260 4537 392 4606 Municip.
411 4539 441 4593 B.
460 4542 504 4608 49,
523 4542 567 4596 50.
585 4540 671 4594 Andr.
690 4539 760 4594 Gail.
780 4538 891 4591 Observ.
911 4543 997 4604 praet.
1018 4541 1078 4606 101,
1096 4553 1168 4592 num.
1189 4541 1231 4607 14,
1249 4539 1297 4598 lib.
1317 4541 1343 4595 1.
