3270 5020
253 447 317 516 250
774 453 908 506 Stransldi

254 588 346 666 regia
376 587 607 655 deliberatione
639 579 765 658 matura
795 594 930 658 tractari
954 598 1051 671 atque
1076 590 1223 670 expediri
1248 596 1375 670 queant.
1407 589 1445 653 In

255 676 305 739 his
332 677 479 742 munibus
508 685 604 759 prout
626 681 696 744 Rex
720 680 830 746 tacitis
853 687 903 746 est
931 681 982 744 vel
1011 679 1160 756 difficilis,
1189 679 1291 743 facilis
1322 695 1446 757 quoque

257 765 307 828 vel
330 762 467 831 difficilis
491 773 541 832 est
563 769 735 850 expeditio,
769 789 852 849 qnae
883 769 1052 849 aliqnando
1082 767 1207 830 nonnisi
1234 775 1305 847 post
1331 766 1446 831 multas

258 852 413 917 Ordinem
438 873 509 919 cum
532 856 622 936 Rege
645 857 894 938 disceptationes
917 856 1092 922 coriticam.

355 941 409 1005 IV.
442 944 584 1010 Remotis
620 947 746 1010 demum
781 947 830 1011 bis
867 944 1048 1022 obstaculis,
1083 963 1122 1008 ac
1151 943 1305 1008 ordinatis
1340 940 1447 1024 populi

256 1030 364 1108 rebus,
385 1030 504 1110 legitur
516 1032 619 1099 denuo
633 1035 808 1115 propositio
821 1035 914 1115 regia
927 1035 960 1098 in
972 1033 1116 1110 concilio,
1139 1031 1272 1112 ejusque
1286 1031 1448 1109 descripta

255 1137 294 1181 ex
317 1125 486 1201 prototypo
518 1121 642 1201 aliquot
671 1123 819 1204 exempla
845 1123 1023 1204 potioribus
1052 1122 1139 1186 iuter
1169 1119 1307 1185 Ordines
1337 1117 1444 1181 distri·

257 1206 407 1270 bunutur.
432 1206 501 1272 Nee
523 1228 613 1274 mora
636 1210 738 1290 longa,
764 1211 969 1277 descenditur
994 1211 1035 1274 ad
1059 1209 1250 1290 capiendum
1273 1206 1384 1272 ordine
1408 1205 1448 1268 de

146 1340 151 1354 ,
236 1295 428 1374 propositis
452 1298 652 1364 comitiorum
675 1298 866 1365 indictorum
892 1301 1004 1377 causis,
1028 1297 1190 1378 regiisque
1203 1294 1449 1361 necessitatibus

256 1381 421 1447 consilium
454 1385 624 1464 publicum.
658 1387 740 1452 Suus
769 1395 876 1452 auteur
901 1389 951 1453 his
980 1404 1105 1466 quoque
1135 1384 1273 1449 eorrsiliis
1304 1388 1354 1449 est
1382 1399 1449 1446 aros

258 1469 415 1547 antiquus.
453 1473 616 1539 Vocantur
651 1476 681 1540 iu
719 1476 982 1542 deliberationem
1020 1473 1254 1555 postulatorum¹
1288 1472 1450 1552 regiorum

260 1558 376 1638 capita,
393 1565 488 1639 prout
503 1580 578 1628 usus
595 1569 655 1642 ast,
674 1563 721 1628 rel
739 1566 930 1643 conjunctim
951 1565 977 1628 si
993 1564 1058 1628 sint
1072 1580 1184 1643 pauca,
1202 1562 1251 1626 vel
1265 1561 1449 1640 singulatim

259 1645 322 1709 alia
345 1653 417 1728 post
440 1648 513 1728 alia,
549 1653 576 1716 si
608 1653 671 1716 sint
701 1650 795 1732 plura
826 1653 876 1718 rel
908 1653 1018 1716 ardua.
1056 1651 1098 1713 Et
1128 1649 1202 1728 quia
1236 1647 1372 1730 populus
1400 1644 1453 1711 bie

258 1734 333 1799 sirit
355 1736 387 1799 in
411 1737 565 1804 libertate
588 1740 761 1820 aequabili,
783 1743 830 1806 ita
852 1749 888 1805 ut
912 1757 1009 1805 onere
1032 1738 1096 1802 ullo
1114 1738 1268 1803 Ordinem
1292 1737 1388 1801 alium
1410 1735 1451 1799 ab

258 1822 321 1885 alio
361 1823 443 1889 citra
473 1844 638 1892 assensum
667 1831 808 1907 gravari,
840 1846 907 1894 mos
935 1827 1060 1909 patrius
1083 1824 1330 1905 haudquaquam
1356 1823 1450 1900 sinat,

250 1908 331 1975 ideo
347 1911 507 1980 deliberat
522 1915 562 1980 de
585 1917 624 1981 iis
641 1934 698 1982 suo
713 1917 783 1983 loeo
799 1917 889 1983 Ordo
904 1915 1124 1995 unusquisque
1140 1914 1284 1980 seorsim.
1308 1913 1452 1976 Berones

257 1998 394 2062 omnium
418 2003 514 2080 primi
537 2005 570 2068 in
593 2004 744 2084 conclavi,
773 2006 868 2086 quod,
896 2011 932 2070 ut
956 2003 1103 2080 diximus,
1134 1999 1272 2067 Soudaoi
1296 1997 1450 2065 Srodtaice

259 2086 448 2165 appellatur.
487 2091 641 2168 Quicum
676 2091 736 2157 soli
757 2094 789 2157 in
826 2111 991 2158 commune
1022 2089 1252 2155 cousuluerunt
1285 2088 1372 2152 inter
1405 2103 1450 2163 se,

259 2174 406 2253 quodque
431 2197 500 2243 ere
526 2186 576 2244 est
592 2180 691 2244 visum
717 2182 836 2262 scripto
853 2179 1175 2260 comprehenderunt,
1200 2178 1241 2241 de
1261 2195 1299 2241 eo
1316 2175 1450 2254 Equites

258 2267 388 2330 cunctos
418 2283 477 2345 per
508 2267 648 2334 delectos
672 2269 804 2335 Ordinis
834 2269 885 2334 sui
919 2267 1041 2332 faciunt
1071 2265 1236 2344 certiores
1267 2280 1386 2342 eosque
1415 2268 1452 2325 ut

257 2355 290 2414 et
312 2350 373 2429 ipsi
397 2361 547 2421 accurate
570 2375 638 2420 rem
661 2357 750 2422 inter
772 2375 807 2422 se
824 2357 1008 2437 expendant
1023 2361 1056 2418 et
1073 2355 1103 2417 ln
1120 2353 1258 2417 medium
1275 2349 1450 2428 consulant,

256 2436 472 2506 cohortantur.
491 2444 625 2522 Equites
642 2446 770 2524 cognita
782 2447 944 2510 Beronum
963 2443 1058 2508 annui
1075 2441 1235 2507 sententia
1249 2439 1282 2503 in
1299 2438 1449 2515 conclavi,

259 2527 343 2606 duod
375 2525 490 2615 Zelcny‘
524 2532 623 2614 Poltoj
656 2534 863 2614 nominamus,
898 2533 1086 2611 trequentes
1104 2528 1279 2615 ,consilium
1309 2527 1449 2606 capiunt,

260 2619 294 2678 et
316 2617 464 2696 expensis
486 2619 657 2694 diligenter
680 2639 751 2685 eum
774 2621 940 2702 postulatis
964 2620 1072 2699 regiis,
1097 2625 1162 2682 tum
1187 2635 1226 2680 ea
1249 2614 1451 2694 consequutis

259 2703 420 2768 Beronum
456 2707 598 2786 placitis,
635 2711 813 2775 sententias
847 2709 981 2774 invicem
1017 2707 1165 2771 similiter
1198 2706 1381 2779 corrl'eruut,
1418 2706 1452 2766 et

260 2791 415 2872 ceoniplexi
429 2796 547 2876 scripto
562 2815 760 2862 comnmnem
772 2815 862 2863 suam
876 2796 916 2862 de
929 2797 1035 2878 capite
1045 2812 1236 2873 unoquoque
1248 2792 1451 2867 uoluntatem,

259 2881 291 2943 in
316 2881 488 2960 corradum,
512 2885 567 2949 ubi
592 2885 737 2950 Barones
761 2888 877 2951 adsunt
899 2885 1095 2966 frequentes,
1120 2881 1286 2946 comarum
1310 2877 1450 2957 veniunt,

260 2967 521 3037 cornrrrunicaturi
553 2991 622 3036 curn
646 2973 695 3051 iis,
727 2975 811 3053 quod
834 2974 918 3038 inter
942 2991 976 3038 se
1000 2978 1037 3037 ut
1059 2971 1175 3051 populo
1202 2967 1369 3034 tolerabile
1391 2984 1452 3030 nec

259 3057 329 3136 regi
364 3057 596 3124 inconuuodum
628 3068 837 3141 censuerunt,
874 3067 907 3126 ct
935 3059 1146 3138 colloquaturi
1180 3057 1302 3136 plenius
1333 3056 1372 3120 de
1401 3055 1451 3134 iis,

260 3145 287 3207 si
311 3163 374 3223 qua
396 3144 478 3211 torte
502 3153 637 3228 restent,
662 3149 777 3228 quibus
801 3149 950 3230 indagine
973 3149 1093 3228 majore
1110 3167 1181 3213 esse
1206 3145 1345 3210 sentiant
1363 3161 1451 3222 opus.

261 3233 409 3300 Excussis
426 3237 554 3300 tandem
580 3257 618 3302 ac
639 3237 814 3303 conciliatis
840 3238 998 3316 utrinque,
1023 3256 1104 3314 clarae
1120 3234 1342 3300 dissentientia
1359 3234 1454 3296 erant

259 3321 418 3400 omnibus,
454 3342 512 3403 per
543 3325 677 3391 selectos
700 3345 739 3391 ex
768 3332 905 3404 utroque
935 3323 1057 3389 Ordine
1089 3343 1178 3402 suos,
1214 3321 1379 3386 confestim
1411 3317 1452 3381 ad

259 3407 438 3487 l‘ragenses
456 3406 695 3482 (consentientis
717 3414 867 3493 utrinque
888 3431 966 3478 suae
983 3413 1156 3477 voluntatis
1171 3411 1291 3489 scripto
1307 3423 1452 3487 eompre-

258 3495 360 3562 hensa
383 3496 517 3564 formula
539 3500 578 3566 iis
601 3496 754 3581 reddita),
785 3500 868 3581 quod
893 3504 1001 3564 mutuo
1024 3498 1141 3578 placet,
1170 3498 1346 3573 enuntiant,
1377 3499 1410 3558 et
1432 3516 1452 3559 a

260 3583 449 3651 Civitatibus
462 3605 597 3667 quoqne,
614 3589 690 3668 quid
704 3594 738 3652 et
750 3590 840 3670 ipsae
852 3588 925 3653 fieri
937 3586 1045 3663 velint,
1061 3587 1252 3653 sententiam
1267 3590 1452 3665 exposcunt.

259 3672 443 3739 Convocant
458 3693 535 3754 ergo
549 3675 727 3757 Pragenses
744 3679 786 3742 ad
800 3678 896 3755 diem,
920 3675 973 3755 qui
990 3675 1075 3740 utilis
1091 3675 1247 3754 sequitur,
1264 3672 1452 3753 proximum,

261 3763 391 3827 cunctos
417 3761 588 3828 Civitatum
621 3765 660 3830 ad
694 3766 822 3830 comitia
848 3766 972 3844 legatos
998 3756 1116 3837 (solent
1138 3779 1276 3840 namque
1299 3760 1454 3826 Civitates

260 3846 350 3911 binos
374 3849 423 3913 vel
445 3856 565 3927 ternos,
597 3872 636 3917 ex
659 3871 795 3934 corpore
824 3869 1036 3932 unaquaeque
1061 3868 1127 3930 suo,
1160 3851 1244 3914 viros
1268 3847 1454 3914 consulares

262 3935 495 4017 tribunitiosre,
519 3957 589 4005 cunr
613 3942 716 4023 plenis
740 3941 899 4007 mandatis
923 3939 964 4003 ad
985 3939 1114 4003 comitia
1131 3932 1311 4018 ablegare),
1336 3942 1455 4016 etpost

263 4028 421 4088 maturam
445 4043 514 4091 cum
539 4029 586 4104 iis,
612 4048 720 4094 eorum
747 4047 828 4107 qnae
843 4029 914 4092 Rex
937 4027 1118 4108 postulavit,
1143 4044 1289 4106 quaeque
1309 4024 1455 4088 Berones

260 4130 324 4176 una
348 4128 418 4176 cum
441 4114 561 4181 Ordine
586 4118 737 4196 Equestri
761 4134 820 4197 pro
837 4133 872 4179 se
895 4115 1004 4180 iacere
1020 4115 1128 4194 velint,
1153 4112 1454 4190 considerationem,

265 4200 444 4266 decernunt
467 4209 501 4266 et
519 4204 588 4285 ipsi,
613 4206 697 4285 quod
721 4205 876 4284 majorum
901 4221 989 4267 nrore
1013 4222 1050 4268 ac
1075 4202 1304 4267 consuetudine
1328 4203 1457 4264 vetusta

265 4287 305 4351 ab
330 4285 453 4354 Ordine
476 4307 533 4355 suo
557 4295 719 4372 praestari
750 4292 926 4358 conveniat.
958 4293 1006 4356 Ab
1037 4291 1098 4354 hae
1130 4290 1364 4355 deliberatione
1396 4306 1457 4369 per

263 4375 405 4441 delectos
429 4377 561 4444 Ordinis
591 4381 641 4446 sui
664 4379 819 4462 Supremo
843 4380 1051 4460 Bnrggravio,
1085 4383 1218 4460 paratos
1247 4395 1282 4444 se
1312 4395 1383 4442 esse
1414 4377 1455 4441 ad

264 4464 495 4545 exponendum,
525 4485 607 4548 quae
637 4468 679 4534 ad
701 4469 867 4551 proposita
898 4468 1096 4548 respondere
1122 4469 1233 4548 velint,
1265 4465 1454 4546 significant,
