3196 5010
250 470 292 542 34
647 467 679 524 V.
699 466 868 537 Ophthalmii
887 467 1041 523 Processua

348 609 625 675 Testamentornm
633 606 876 692 publicationes,
886 607 1030 688 quamvis
1039 607 1140 674 altero
1154 608 1206 673 die
1217 612 1290 689 post
1303 613 1447 681 mortem

254 699 427 772 testatoris,
453 700 600 779 exigente
625 698 670 762 sie
687 697 889 774 necessitate,
917 697 956 760 ad
981 695 1134 760 heredum
1159 697 1348 778 petitionem
1370 696 1450 762 fieri

250 787 383 868 possint,
407 793 514 851 tamen
540 787 580 850 de
600 786 673 866 jure
694 790 805 849 nostro
829 785 870 848 ad
888 790 1024 864 quatuor
1035 786 1235 865 ‚septimanas
1250 785 1447 866 plerumque

250 875 441 940 differuntur
463 865 520 956 (Ε
546 875 577 941 1.
601 872 687 938 Diet.
713 865 774 953 ot).

347 963 382 1028 Si
405 982 480 1044 pars
496 979 685 1044 oppugnans
707 962 794 1024 intra
810 959 886 1024 XIV
910 960 978 1024 dies
1002 977 1116 1024 causas
1141 960 1323 1026 infirmandi
1340 966 1444 1026 testa·

249 1051 349 1116 menti
370 1052 402 1117 in
425 1050 504 1128 foro,
528 1051 576 1115 uti
598 1051 745 1128 diximus,
773 1066 837 1111 non
860 1047 1008 1128 ediderit,
1037 1065 1141 1127 neque
1170 1050 1315 1114 ordinem
1345 1067 1444 1114 sena-

249 1139 367 1204 torium
390 1139 430 1202 dc
454 1141 516 1204 alio
540 1139 676 1202 termino
697 1137 789 1216 juxta
811 1153 994 1216 processum
1021 1136 1103 1216 juris
1126 1139 1238 1217 nostri,
1262 1138 1320 1202 snb
1341 1137 1445 1201 litera

250 1231 289 1291 A.
315 1228 366 1292 54.
393 1227 435 1290 ad
457 1226 615 1292 edendum
644 1227 747 1290 dictas
771 1239 885 1288 causas
913 1224 1166 1305 compellaverit:
1195 1231 1271 1291 tnnc
1297 1226 1349 1306 jus
1381 1245 1441 1306 op·

213 1390 216 1398 ,
248 1315 413 1397 pugnandi
446 1315 576 1394 amittit,
610 1314 706 1394 idque
735 1312 777 1377 ab
812 1329 849 1374 eo
880 1317 1024 1392 tempore
1058 1314 1120 1377 vim
1152 1332 1243 1378 snam
1274 1333 1312 1378 ac
1338 1315 1444 1378 robur

247 1402 514 1486 perfectissimum
545 1403 678 1468 assumit
705 1391 763 1479 (Ε.
788 1390 871 1479 45).
905 1400 977 1464 Hoc
1011 1399 1047 1465 fit
1082 1401 1166 1482 ideo,
1202 1402 1276 1481 quia
1304 1401 1440 1466 multum

248 1494 384 1659 i(nterest
428 1489 642 1658 reipublicae,
687 1489 816 1554 ultimas
853 1487 1035 1554 voluntates
1078 1490 1267 1570 hominum„
1294 1489 1441 1571 expediri

268 1579 308 1645 Ε.
332 1581 383 1644 44.
409 1579 552 1644 [11114.

344 1667 395 1730 Ex
428 1666 696 1747 praecedentibus
730 1664 828 1744 igitur
864 1663 1074 1743 concluditur,
1109 1670 1339 1731 testamentum
1365 1665 1441 1745 jure

248 1754 445 1835 publicatum
474 1763 549 1835 post
572 1772 627 1819 sex
657 1753 876 1818 hebdomadas
898 1751 1117 1833 plenissimum
1140 1754 1241 1819 robur
1270 1755 1441 1833 acquirere

248 1832 723 1923 mammam

346 1966 436 2018 Causa
448 1964 567 2018 efficiens
582 1964 813 2032 impugnationem
826 1965 980 2017 testamenti
993 1971 1035 2017 est
1046 1965 1081 2034 is,
1094 1966 1178 2034 quiid
1191 1965 1326 2020 annullari
1340 1966 1439 2020 studet.

347 2035 502 2103 Suhjectnm
528 2041 591 2090 sunt
609 2051 708 2089 causae
726 2035 870 2103 legitimae,
896 2052 929 2088 ex
948 2037 1045 2103 quihus
1064 2043 1253 2090 testamentum
1278 2037 1438 2092 infirmatur.

347 2108 487 2174 OhJectum
507 2107 634 2160 dicuntur
652 2123 693 2175 ea,
713 2122 781 2175 quae
794 2123 848 2159 non
868 2106 959 2161 debito
973 2107 1052 2161 modo
1065 2109 1091 2160 in
1106 2114 1275 2178 testamento,
1289 2109 1437 2162 secundum

249 2197 373 2248 aequum,
392 2186 456 2232 sunt
474 2179 614 2246 disposita.
817 2231 820 2240 ,

346 2253 447 2306 Forma
465 2256 528 2305 sunt
546 2250 730 2317 solennitates
750 2250 783 2302 de
803 2250 899 2317 quibus
919 2249 1042 2306 diximus

345 2323 429 2389 Finis,
449 2330 479 2376 nt
497 2322 625 2390 iniquitas
645 2323 785 2375 testatoris
803 2323 963 2390 corrigatur,
979 2327 1026 2374 aut
1044 2339 1206 2391 oppugnans
1226 2324 1252 2376 in
1267 2339 1316 2377 sua
1329 2324 1438 2389 justitia

246 2402 427 2449 conservetur.

382 2597 444 2669 Dc
469 2594 734 2668 emheredotione
759 2609 790 2667 ct
811 2595 1067 2692 premonitione
1093 2595 1297 2667 liberorum:

713 2753 877 2819 Titulus
900 2755 969 2820 XX.

144 2953 156 2966 ‚
345 2885 562 2952 Exheredatio
598 2891 647 2950 est
669 2883 843 2950 hherorum
866 2903 886 2949 a
909 2886 1110 2952 successione
1133 2887 1271 2953 exclusio
1298 2883 1357 2970 (Ε.
1382 2893 1434 2956 49.

244 2973 332 3039 Diat.
349 2963 410 3055 1.).
434 2974 574 3039 Cuilibet
596 2973 691 3053 enim,
715 2973 768 3052 qui
784 2974 928 3054 parentis
950 2973 1020 3040 loco
1043 2975 1189 3055 hahetur,
1214 2976 1351 3044 liberum
1375 2987 1434 3058 est,

248 3080 307 3143 pro
332 3080 391 3126 sua
415 3063 577 3128 voluntate
594 3063 634 3125 de
657 3062 723 3125 suis
738 3062 829 3126 bonis
853 3062 1032 3143 disponere,
1056 3064 1183 3129 sublata
1206 3066 1288 3129 omni
1305 3069 1436 3146 querela

189 3163 191 3168 ·
243 3148 410 3215 inofficiosi
432 3152 616 3216 testamenti
638 3142 697 3232 (E.
722 3139 804 3230 51).

341 3239 509 3318 Ejusmodi
535 3239 744 3304 exheredatio
775 3237 829 3302 lit:
860 3240 925 3304 Aut
953 3240 1067 3321 tacite,
1105 3247 1140 3306 nt
1168 3244 1294 3322 quando
1330 3250 1435 3310 mater

245 3326 296 3390 vel
319 3344 397 3392 avus
420 3333 594 3406 maternus,
618 3327 700 3391 filios
729 3326 795 3390 sive
820 3333 954 3407 nepotes
987 3327 1113 3394 silentio
1142 3337 1369 3412 praetereunt;
1401 3340 1436 3398 et

244 3415 325 3479 haec
348 3421 471 3480 tantum
496 3417 581 3495 facit,
611 3421 764 3496 quantum
787 3418 890 3495 patris
914 3420 947 3478 et
970 3416 1020 3478 avi
1043 3420 1171 3497 paterni
1194 3437 1349 3502 expressa
1379 3441 1432 3486 ex·

243 3502 420 3568 heredatio.
444 3505 508 3569 Aut
530 3523 694 3585 expresse,
720 3504 847 3584 qnando
870 3508 965 3585 pater
988 3503 1038 3567 vel
1067 3523 1146 3572 avus
1168 3514 1321 3588 paternus
1354 3507 1436 3575 lilios

246 3590 294 3654 vel
317 3596 453 3671 nepotes
477 3610 550 3657 suos
584 3609 736 3673 expresse
770 3593 1015 3656 asuccessione
1046 3595 1227 3661 excludunt.
1263 3596 1341 3662 Ideo
1366 3597 1437 3662 dico

252 3697 350 3768 „auus
375 3691 528 3761 paternus
551 3687 584 3744 et
607 3669 731 3761 pater,“
770 3680 847 3757 qnia
869 3686 974 3746 mater
997 3684 1031 3743 et
1064 3699 1142 3747 avus
1176 3693 1340 3750 maternus
1375 3695 1436 3752 hon

244 3765 366 3832 habent
382 3768 617 3834 descendentes
639 3769 671 3832 in
688 3786 746 3832 sna
762 3773 943 3848 potestate3
968 3785 1005 3831 ac
1020 3771 1156 3847 proinde
1180 3773 1212 3837 in
1227 3772 1266 3838 iis
1283 3791 1436 3855 expressa

169 3907 170 3910 ,
243 3854 451 3919 exheredatio
487 3876 548 3922 non
572 3855 762 3938 requiritnr;
800 3874 909 3920 verum
945 3853 1061 3920 sufficit
1092 3859 1155 3925 illis
1187 3861 1346 3927 silentium
1377 3881 1434 3927 seu

241 3945 441 4022 praeteritio.

341 4030 450 4114 Pater,
476 4033 503 4096 si
526 4050 620 4111 quem
644 4049 773 4096 snorum
797 4032 969 4098 liberorum
993 4035 1057 4098 vult
1080 4035 1289 4119 exheredare,
1305 4045 1435 4104 tenetur

240 4123 437 4287 &ameum
473 4138 529 4186 suo
543 4137 694 4289 )causam
728 4120 917 4202 legitimam,
954 4141 1011 4186 cur
1044 4123 1077 4187 id
1107 4123 1217 4205 faciat,
1253 4128 1432 4208 exprimere

293 4258 299 4271 .
325 4207 378 4273 48.
402 4207 490 4272 Dtsa
512 4207 575 4273 2..

339 4295 511 4360 Hereditas
521 4291 632 4363 liberis
645 4296 781 4362 debetur
792 4297 895 4376 primo
905 4296 979 4376 jure
989 4299 1113 4380 divino;
1130 4318 1266 4380 aequum
1275 4303 1358 4367 enim
1373 4307 1433 4382 est,

243 4383 327 4461 quod
350 4390 505 4464 parentes
539 4385 709 4449 thesauros
732 4384 842 4449 liberis
865 4384 1026 4466 colligant.
1057 4389 1145 4468 Ergo
1164 4389 1258 4468 juxta
1281 4389 1431 4456 Paulum:

241 4469 274 4534 Si
297 4469 389 4551 filins,
420 4479 470 4536 est
493 4479 526 4536 et
549 4473 653 4538 heres.
685 4473 807 4538 Deinde
828 4471 901 4551 jure
926 4479 1071 4556 naturae,
1097 4478 1248 4543 canonico
1280 4482 1315 4543 et
1336 4478 1430 4559 cirili.
