3270 5020
594 456 760 527 Respublica
780 457 899 528 Bojema.
920 460 986 527 Cap.
1006 457 1080 514 XVI.
1368 455 1433 529 273

244 599 372 680 gravius
397 598 490 680 regni
515 615 694 680 supremus,
726 599 820 665 cincti
852 601 892 664 ab
926 600 1028 664 latere
1058 605 1195 679 utroque
1226 598 1433 680 optimatibus

243 694 277 753 et
307 706 421 768 magno
451 687 542 768 regni
573 692 697 751 senatu.
731 687 907 753 Constabat
931 695 1037 752 autem
1062 705 1195 767 magnus
1218 687 1270 753 bic
1294 685 1431 753 Senatus

244 777 317 841 olim
348 795 386 839 ex
416 775 588 841 baronibus
616 780 749 854 tantum,
781 780 814 840 et
837 775 891 856 qui
914 776 972 841 soli
994 775 1028 838 in
1050 788 1148 856 regno
1171 782 1281 840 essent
1304 775 1432 855 patriae

243 869 353 945 patres
382 871 414 928 61
444 865 611 946 primores.
644 861 709 927 Sed
740 882 811 927 curn
841 870 914 944 post
942 864 1068 928 Alberti
1095 863 1182 943 regis
1213 862 1290 943 fata,
1324 863 1432 928 simul-

243 958 328 1018 tates
357 958 532 1034 propterea
561 970 601 1015 ex
628 951 748 1014 invidia
775 953 861 1016 inter
889 953 1027 1017 barones
1052 953 1240 1031 equitesque
1264 969 1431 1030 accensae,

243 1041 384 1120 flagrare
399 1059 462 1105 non
478 1040 673 1118 desinerent,
691 1057 824 1118 quarum
841 1041 1021 1104 acerbitate
1036 1040 1268 1121 rempublicam
1280 1037 1348 1118 jam
1366 1046 1433 1104 turn

244 1129 352 1209 plures
376 1148 471 1209 quam
494 1128 674 1209 quindecim
697 1146 796 1193 annos
820 1130 946 1192 concuti
970 1128 1141 1192 doluerunt
1164 1127 1238 1192 boni
1262 1127 1359 1207 cives,
1394 1128 1433 1192 iis

244 1216 405 1298 sopiendis
436 1217 557 1297 primus
587 1215 746 1295 Georgius
777 1235 834 1281 rex
866 1218 989 1295 equites
1020 1216 1149 1296 aliquot,
1187 1230 1321 1296 quorum
1345 1213 1433 1280 Ordo

244 1306 380 1370 antehac
415 1324 473 1386 pro
509 1305 616 1385 patria
651 1322 741 1378 arma
774 1304 862 1369 ferre
893 1304 1077 1383 jubebatur,
1113 1305 1146 1368 in
1177 1304 1321 1369 ordinem
1350 1305 1433 1368 hunc

244 1394 404 1472 allegisse,
436 1399 469 1457 et
491 1392 686 1458 Wladislaus
713 1399 836 1472 postea,
868 1399 903 1457 ut
926 1399 1083 1473 perpetuo
1108 1399 1179 1457 octo
1203 1391 1432 1472 allegarentur,

243 1482 313 1561 lege
348 1498 430 1544 nova
456 1476 480 1558 ¹)
515 1480 753 1562 diplomateque
786 1471 877 1559 (aaa.
913 1471 1018 1558 1487)
1053 1479 1176 1544 cavisse
1205 1481 1335 1560 legitur.
1371 1480 1433 1544 Pro

243 1569 393 1634 tribmiali
427 1570 524 1648 igitur
557 1569 590 1633 in
623 1586 735 1646 magno
771 1569 832 1632 hoo
864 1567 1134 1633 archi-dicasterii
1164 1573 1287 1646 senatu,
1323 1569 1364 1644 ab
1393 1586 1432 1632 eo

242 1664 388 1736 tempore
418 1658 520 1720 solent
550 1657 667 1721 sedere
694 1656 734 1720 ad
759 1656 842 1721 latus
864 1656 962 1736 Regis
986 1656 1149 1720 sinistrum
1173 1673 1212 1720 61
1235 1655 1327 1735 regni
1351 1657 1432 1737 opti-

243 1746 397 1809 matibus:
422 1744 663 1809 admissionalis
687 1762 819 1824 magnus
843 1763 899 1808 seu
922 1742 1241 1809 Archi-Camerarius
1265 1743 1430 1810 611116111-

242 1834 401 1913 Dicastes,
440 1833 494 1913 qui
529 1832 661 1898 Ordinis
700 1833 792 1913 hujus
830 1833 891 1896 loci
929 1839 979 1897 est
1016 1832 1166 1913 princeps
1203 1836 1236 1896 61
1272 1832 1432 1897 actionum

242 1922 382 1986 omniurn
406 1922 537 1986 arbiter.
573 1921 725 1985 Assident
747 1920 819 1996 illis,
853 1937 929 2002 pars
963 1920 1041 1984 solio
1076 1921 1166 2000 regio
1201 1920 1317 2001 dextri,
1353 1937 1429 2000 pars

247 2010 376 2088 sinistri,
410 2029 469 2089 per
492 2010 613 2088 Regem
645 2029 684 2073 ex
715 2009 901 2089 amplissimi
930 2008 1055 2072 concilii
1084 2009 1245 2072 sententia
1271 2010 1304 2072 in
1330 2008 1433 2073 locum

241 2097 323 2162 hunc
345 2098 483 2177 cooptati
507 2104 540 2162 61
562 2097 723 2163 idiotismo
747 2103 892 2161 nostrate
916 2117 935 2161 6
957 2102 1123 2162 senectute
1148 2096 1225 2160 dieti
1241 2096 1357 2160 Kmetd
1377 2115 1433 2162 seu

242 2185 404 2266 Koretooe',
436 2186 467 2252 11.
492 2203 520 2250 6.
544 2189 636 2265 regni
660 2184 833 2250 Senatores
857 2191 889 2249 et
912 2179 1129 2263 eoppaleoea23
1161 2190 1294 2264 praeter
1318 2184 1431 2249 Palatii

242 2273 394 2352 Magnum
408 2274 609 2354 Magistrum,
633 2273 996 2352 Archi-Cancellarium,
1022 2274 1138 2337 Curiae
1154 2272 1302 2337 Judieem
1320 2289 1431 2353 supre-

243 2380 327 2424 mum
363 2368 396 2426 et
431 2363 664 2441 Burggravium
699 2360 1020 2440 Carolosteinensem,
1059 2361 1114 2440 qui
1150 2378 1190 2423 ex
1224 2360 1432 2441 optimatibus

244 2449 335 2529 regni
360 2455 442 2528 sunt,
476 2452 644 2528 6116611111,
677 2466 765 2513 111616
788 2450 828 2514 ob
852 2449 1041 2526 dignitatem
1064 2448 1205 2512 muneris
1229 2449 1362 2529 quisque
1384 2449 1433 2513 sui

241 2537 308 2616 jam
342 2536 412 2601 lere
449 2543 624 2614 consuete,
646 2536 766 2600 habere
799 2557 817 2600 a
846 2538 936 2617 Rege
967 2537 1122 2614 jubentur
1155 2537 1187 2600 iu
1216 2535 1278 2601 hoc
1302 2538 1432 2616 Senatu,
1497 2615 1500 2622 .

244 2626 389 2689 Berones
413 2631 501 2705 octo;
525 2627 664 2704 itemque
689 2631 822 2704 praeter
844 2625 937 2706 regni
962 2624 1276 2704 Sub-camerarium,
1301 2625 1433 2689 061616-

245 2714 501 2793 steinensemque
525 2713 662 2777 alterum
688 2718 720 2777 61
743 2712 985 2779 Hradecensern
1010 2711 1236 2793 burggravios,
1264 2720 1433 2794 equestres

246 2801 305 2864 viri
330 2802 480 2881 quinque,
516 2808 624 2867 aetate
660 2817 768 2864 omnes
804 2807 837 2864 et
868 2801 1028 2881 gravitate
1059 2801 1296 2882 spectatissimi.
1330 2801 1434 2882 Regni

245 2889 488 2968 Mareschallus,
519 2891 611 2969 Rege
634 2895 817 2970 praesente,
847 2907 918 2953 curn
943 2906 1019 2952 ense
1043 2890 1189 2954 districto
1214 2895 1278 2954 stat
1300 2896 1435 2970 propter

246 2977 368 3055 solium,
399 2979 532 3043 absente
564 2979 725 3058 proximus
757 2997 776 3042 a
806 2994 920 3058 magno
943 2976 1059 3041 Palatii
1082 2977 1237 3055 Magistro
1263 2979 1366 3043 locum
1393 2977 1434 3044 ad

246 3063 330 3129 latus
364 3066 512 3131 dextrum
541 3067 636 3146 capit.
671 3065 985 3145 Archigrammateus
1019 3083 1089 3129 cum
1123 3065 1243 3130 tabulis
1277 3067 1370 3132 sedet
1401 3068 1434 3130 in

248 3152 412 3220 cathedra.
447 3153 648 3219 sessionibus
682 3154 714 3218 in
747 3151 807 3224 1166
839 3151 959 3232 judicio
992 3151 1157 3232 habendis,
1193 3154 1360 3234 causisque
1385 3154 1435 3220 via

221 3239 327 3318 'juris
354 3241 580 3323 disceptandis,
612 3241 681 3306 dies
705 3242 790 3320 stati,
820 3241 905 3321 iique
937 3245 989 3304 161
1018 3258 1208 3320 unoquoque
1240 3261 1332 3320 anno,
1363 3249 1435 3308 aunt

247 3331 425 3394 constituti:
459 3329 600 3394 Primum
632 3348 651 3392 a
678 3330 730 3393 die
754 3329 891 3393 Veneris
920 3333 993 3408 post
1016 3326 1187 3407 Invocavit,
1219 3330 1264 3394 616
1289 3336 1433 3395 vocatum

246 3417 331 3481 diem
361 3417 554 3482 dominicum
584 3417 739 3498 proximo,
775 3434 835 3496 per
870 3415 938 3479 dies
974 3416 1218 3492 quatuordecim
1253 3420 1434 3498 continuae,

246 3507 418 3570 secundum
451 3527 470 3570 6
499 3505 642 3587 proximo
675 3510 747 3586 post
776 3504 1000 3568 Pentecostem
1032 3503 1179 3568 similiter
1205 3504 1342 3570 Veneris
1373 3507 1434 3586 die,

246 3611 306 3674 per
341 3595 410 3658 dies
443 3595 591 3672 totidenr;
627 3594 758 3658 tertium
789 3611 808 3655 a
838 3591 992 3655 Kalendis
1022 3590 1100 3671 ipsis
1129 3609 1229 3672 usque
1260 3593 1300 3658 ad
1325 3593 1435 3675 'pridie

247 3683 348 3746 Eidus
373 3682 505 3747 Octobr.
536 3679 614 3746 Post
644 3681 713 3745 dies
742 3681 813 3745 illos
844 3679 914 3743 dari
944 3679 996 3742 lex
1022 3678 1120 3758 1116611
1149 3695 1277 3760 semper
1305 3681 1434 3763 pupillis

247 3770 413 3851 viduisque
437 3771 504 3834 dies
529 3774 665 3849 quatuor
688 3769 858 3850 proximos
881 3767 914 3830 in
933 3767 1045 3845 quibus
1062 3768 1148 3832 solae
1164 3768 1290 3833 illorum
1307 3787 1434 3850 causae,

247 3862 283 3921 ut
318 3876 397 3938 quas
431 3857 521 3922 nefas
556 3862 642 3921 66661
676 3858 848 3937 protelare,
885 3854 1104 3934 disceptantur
1129 3874 1167 3920 ac
1190 3863 1434 3936 cognoscantur.

246 3943 426 4011 Vendicant
449 3951 555 4010 autem
580 3945 667 4025 leges
690 3944 841 4009 tribunali
865 3943 937 4007 huic
959 3942 1017 4007 soli
1037 3943 1249 4025 cognitionem
1267 3946 1306 4010 de
1321 3946 1435 4011 nobilis

247 4033 401 4113 cujusque
429 4033 544 4114 capite,
576 4033 662 4097 lama
684 4038 717 4096 et
739 4032 875 4097 fortunis
898 4030 1213 4112 hereditatibusque;
1246 4033 1287 4098 de
1312 4034 1436 4114 injuriis

246 4122 457 4186 contumeliae
479 4122 609 4200 atrocis,
633 4122 769 4185 termino
793 4124 888 4198 moto,
916 4118 1067 4183 violentia
1091 4122 1202 4199 quovis
1225 4124 1318 4188 modo
1341 4141 1434 4187 exor-

246 4210 380 4289 bitante,
416 4209 662 4289 obligationibus
686 4207 933 4289 hypothecaria,
967 4208 1210 4287 purgationibus
1241 4227 1261 4273 a
1292 4211 1436 4290 crimine,

246 4294 308 4377 per
330 4297 485 4379 supplicio
509 4297 620 4361 ultimo
644 4294 777 4360 affectos
801 4294 944 4373 object0;
978 4299 1020 4373 et,
1053 4298 1138 4375 quod
1160 4295 1353 4376 palmarium
1376 4303 1435 4377 est,

348 4500 370 4571 1)
389 4502 440 4556 Jus
458 4502 579 4570 provinc.
596 4504 632 4556 A.
651 4505 695 4560 35.
1200 4576 1243 4648 18
