3212 5008
222 457 265 526 60
399 409 402 413 ·
619 454 653 507 V.
672 450 841 520 Ophthalmii
860 449 1016 503 Processus.

320 594 481 674 Expedita
515 591 741 673 appellatione,
775 590 802 656 si
836 589 976 670 partium
1010 588 1117 669 aliqua
1146 589 1188 653 ad
1218 591 1425 656 audiendam

226 681 450 762 appellationis
486 680 677 746 sententiam
711 684 785 760 post
815 678 988 742 secundam
1018 677 1200 742 citationem
1231 698 1292 744 non
1326 697 1426 744 com-

223 775 333 850 paret,
377 770 580 835 nihilominus
614 767 814 849 publicatur,
856 770 889 830 et
928 765 1160 830 contumaciter
1199 767 1315 832 absens
1352 766 1426 832 sibi

223 859 440 938 appellatione
465 857 656 937 adjudicatis
679 855 826 936 privatur
848 845 901 933 (tl.
926 854 977 918 10.
1002 852 1091 917 Diat.
1114 847 1166 933 3.)

322 961 411 1011 Causa
430 958 549 1011 efficiens
569 955 777 1023 appellationem
797 963 839 1006 est
857 971 922 1021 pars
941 952 1090 1020 appellans

324 1030 477 1096 Subjectum
498 1037 561 1082 sunt
580 1027 743 1095 gravamina.

323 1102 463 1168 Objeetum
482 1109 524 1154 est
543 1098 677 1153 sententia
690 1097 800 1166 judicia,
819 1114 836 1150 a
854 1113 915 1165 quo.

326 1174 424 1227 Forma
442 1180 483 1226 est
503 1172 559 1226 fori·
572 1169 750 1234 consuetudo,
769 1184 838 1238 quae
857 1169 883 1221 in
903 1184 936 1221 ea
954 1167 1144 1235 prosequenda
1162 1175 1293 1223 servatur.

325 1245 400 1298 Finis
420 1251 469 1313 est,
483 1251 513 1296 nt
525 1243 676 1309 corrigatur
690 1240 790 1307 judicis
809 1240 944 1308 imperitia
958 1247 985 1292 et
996 1239 1134 1308 iniquitas,
1152 1257 1184 1293 ac
1197 1255 1262 1308 pars
1282 1256 1421 1308 oppressa

223 1317 385 1370 sublevetur.

559 1494 623 1566 Dc
648 1491 847 1566 caecutiente
870 1490 1071 1563 aeratcntc'oe.

653 1655 818 1723 Titulus
841 1659 990 1724 XXXIV.

325 1791 451 1856 Nemini
475 1808 538 1854 non
562 1795 762 1871 compertum
786 1798 844 1872 est,
869 1810 982 1874 parum
1011 1811 1081 1858 esse
1105 1793 1297 1858 sententiam
1321 1793 1417 1872 ferre,

227 1880 287 1944 nisi
322 1883 355 1944 et
386 1879 457 1960 ipsa
481 1878 660 1944 executioni
694 1879 872 1947 mandetur.
908 1881 1011 1960 Igitur
1042 1899 1126 1947 nunc
1158 1881 1197 1946 de
1232 1881 1419 1945 executione

230 1967 410 2032 sententiae
433 1967 589 2046 sequitur.

328 2055 439 2120 Omnis
462 2055 633 2132 sententia,
659 2073 740 2135 quae
764 2055 899 2136 dejure
922 2057 1009 2122 valet
1030 2061 1064 2121 et
1088 2074 1169 2134 quae
1193 2074 1252 2137 per
1277 2057 1421 2137 appella·

226 2144 348 2209 tionem
372 2160 434 2207 non
451 2150 501 2208 est
518 2147 683 2224 suspensa,
701 2144 798 2209 debet
814 2145 938 2225 exequi.
964 2145 1122 2222 Quocirca
1138 2144 1241 2209 victor
1262 2145 1294 2208 in
1311 2163 1420 2226 causa,

229 2231 283 2295 ubi
308 2231 499 2296 sententiam
524 2231 556 2295 in
579 2249 648 2300 rem
669 2231 847 2311 judicatam
871 2234 1036 2298 transiisse
1054 2232 1327 2309 animadverterit,
1352 2232 1422 2312 ejus

228 2319 450 2384 executionem
485 2339 504 2384 a
535 2318 643 2399 judice
679 2320 775 2385 debet
809 2326 923 2400 petere
957 2313 1010 2401 (0.
1040 2321 1094 2387 21.
1126 2319 1165 2384 G.
1189 2320 1243 2383 29.
1274 2320 1363 2384 Diat.
1389 2322 1419 2386 1.

227 2407 271 2471 H.
292 2407 338 2472 26
359 2407 393 2471 a'n
406 2400 505 2495 fiae.)

328 2496 490 2562 Executor
524 2499 583 2576 est,
618 2496 672 2574 qui
706 2501 780 2577 post
817 2497 1008 2561 sententiam
1043 2499 1127 2562 inter
1162 2501 1272 2578 partes
1309 2496 1421 2561 audita

230 2584 315 2648 omni
331 2588 364 2648 et
389 2585 533 2649 discussa
547 2584 603 2648 lite
618 2583 789 2664 prolatam,
804 2585 852 2648 rei
865 2584 1031 2665 judicatae
1048 2587 1190 2666 vigorem
1214 2584 1256 2648 ad
1270 2584 1418 2650 effectum

228 2671 355 2754 videtur
379 2671 550 2738 adducere.

328 2760 366 2824 In
389 2763 532 2842 petenda
561 2761 748 2826 executione
776 2779 839 2826 non
872 2766 922 2825 est
952 2780 1032 2842 opus
1063 2761 1161 2826 libelli
1191 2761 1333 2826 editione
1364 2766 1421 2825 aut

231 2848 296 2914 litis
335 2850 580 2914 contestatione.
625 2847 689 2912 Sed
723 2849 749 2913 si
779 2849 881 2914 victus
914 2868 976 2914 non
1005 2849 1162 2915 satisfacit
1190 2848 1322 2927 victori,
1352 2853 1425 2913 tum

227 2942 400 3017 postquam
424 2938 585 3002 sententia
608 2937 640 3000 iu
663 2955 732 3001 rem
753 2936 930 3017 judicatam
955 2938 1113 3012 transivit,
1130 2956 1190 3018 per
1209 2935 1362 3016 judicem,
1385 2940 1422 2999 ut

229 3026 316 3088 intra
340 3025 479 3089 triduum
509 3024 696 3106 satisfaciat,
722 3025 933 3106 compellitur.
966 3024 1059 3102 Quod
1089 3026 1115 3088 si
1138 3042 1198 3090 nec
1226 3029 1303 3089 tunc
1326 3024 1418 3088 satis-

228 3113 352 3191 fecerit,
374 3117 537 3192 postremo
562 3113 603 3177 od
621 3114 695 3177 solis
712 3130 859 3178 occasum
875 3113 904 3178 ei
920 3112 1097 3178 satisfactio
1113 3112 1306 3192 injungitur3
1325 3129 1418 3191 quam

229 3202 255 3265 si
279 3219 319 3266 ne
350 3206 425 3264 tunc
449 3201 575 3281 quidem
608 3201 820 3282 praestiterit,
851 3201 884 3264 in
916 3218 1080 3266 carcerem
1110 3199 1287 3280 conjicitur,
1320 3200 1421 3264 donec

229 3287 393 3369 persolvat
409 3279 430 3367 (
429 3291 461 3354 O.
475 3290 528 3353 22.
529 3286 560 3370 ),
586 3289 646 3352 nisi
668 3289 752 3353 forte
773 3289 813 3354 ad
830 3289 969 3370 spatium
994 3289 1128 3354 duarum
1146 3288 1419 3353 hebdomadarum

232 3377 364 3442 idoneos
387 3375 592 3456 fidejussores
616 3376 752 3455 dederit,
778 3377 829 3456 qui
848 3385 920 3457 post
945 3376 1020 3441 illud
1039 3381 1174 3458 tempus,
1199 3377 1422 3440 innumerata

232 3465 378 3544 pecunia,
404 3465 517 3529 victori
541 3463 739 3530 satisfactum
763 3465 803 3528 iri
825 3465 1014 3546 promittant
1036 3454 1088 3544 (0.
1112 3464 1165 3528 22.
1190 3464 1237 3528 eia
1250 3455 1380 3552 finem.)

331 3567 420 3619 (larisa
439 3564 557 3618 efficiens
579 3565 762 3619 executionem
783 3573 824 3618 est
837 3565 932 3634 judex,
951 3582 1009 3619 eam
1028 3567 1088 3620 ficri
1106 3566 1244 3621 mandans

333 3637 488 3702 Subjectum
509 3643 550 3690 est
564 3637 705 3702 sententia,
719 3653 788 3705 quae
807 3637 834 3690 in
854 3653 908 3690 rem
925 3638 1086 3704 judiciatam
1107 3639 1223 3692 transiit.

333 3708 472 3774 (lbjectum
493 3716 533 3761 est
553 3725 670 3775 persona
689 3715 717 3760 et
735 3709 806 3762 berra
825 3709 904 3777 illius,
925 3715 1019 3762 contre
1038 3726 1116 3777 quem
1136 3711 1283 3777 exequitur.

334 3781 432 3833 l'orma
452 3786 493 3832 est
511 3780 687 3846 consuetudo,
708 3796 776 3846 quae
796 3781 823 3831 in
843 3781 1000 3834 executione
1020 3787 1151 3835 servatur.

330 3852 406 3905 Finis
425 3857 475 3921 est,
496 3858 526 3904 ut
543 3852 629 3905 victor
648 3867 726 3904 suurn
745 3858 933 3918 consequatur.

478 4080 541 4152 Dc
565 4077 724 4178 caprasio
748 4103 807 4152 seu
833 4077 961 4151 uiatico
987 4078 1181 4176 repetendo.

667 4240 827 4306 Titulus
849 4242 982 4307 XXXV.

331 4374 516 4439 Communis
546 4373 660 4454 regula
683 4373 833 4453 traditur,
867 4374 950 4454 quod
974 4375 1074 4439 victus
1097 4375 1211 4441 victori
1240 4374 1424 4440 indistincte

232 4465 265 4527 in
294 4464 378 4530 omni
416 4480 533 4542 causa,
569 4468 635 4528 tam
660 4461 744 4527 civili
772 4479 866 4540 quam
901 4461 1077 4545 criminali,
1107 4464 1140 4528 in
1171 4463 1319 4545 expensis
1352 4480 1425 4527 con·
