3270 5020
283 447 348 517 252
810 444 945 499 Stranslrii

285 585 404 665 debito,
438 586 543 666 deque
565 585 728 650 exantlato
760 585 961 651 comitiormu
990 585 1102 652 labore
1131 586 1276 666 molesto,
1306 587 1481 666 composita

286 693 363 739 voce
399 675 522 754 gratiis
560 680 749 740 conventum
782 674 913 738 dimittit
942 674 1160 755 Burggravius
1189 674 1375 756 Supremus
1411 674 1507 737 Res

284 781 360 828 vero
396 768 510 842 postea
544 781 638 841 quarn
670 763 805 843 Regiam
842 763 1043 828 clementiam
1078 781 1170 828 suam
1204 782 1328 828 omnam
1362 762 1479 843 populo

285 849 440 914 universo
467 851 557 916 brevi
593 868 718 931 quoque
753 851 892 930 alloquio
927 850 998 934 ipso
1026 850 1151 931 detulit,
1187 852 1360 931 consurgit,
1396 854 1429 913 et
1460 868 1504 914 e¹

284 940 411 1004 comitio
447 939 615 1004 discedens
652 958 671 1003 a
702 939 808 1018 Regni
839 937 969 1017 Senatu,
1006 939 1178 1020 populique
1214 939 1406 1021 primoribus
1441 957 1479 1002 ac

285 1028 422 1092 caeteris
446 1027 539 1090 aulae
563 1026 774 1092 familiaribus
796 1027 828 1090 in
852 1027 998 1109 Regiam,
1030 1046 1101 1092 cum
1123 1027 1206 1096 festa
1232 1027 1318 1109 vulgi
1342 1027 1477 1091 eircum-

284 1115 400 1179 stantis
423 1114 648 1194 gratulatione,
673 1115 852 1182 deducitur.

744 1372 892 1444 CAPUT
917 1373 1018 1441 xlv.

380 1547 442 1619 Da
468 1545 681 1619 trimodus
704 1570 763 1617 aaa
797 1544 940 1644 Officiis
959 1543 1114 1642 publicis
1138 1543 1179 1616 iu
1204 1544 1383 1638 Bojoorio.

382 1715 407 1779 l.
439 1716 476 1780 lu
507 1715 685 1780 ordinanda
715 1715 801 1793 apud
833 1734 889 1781 nos
921 1713 1087 1796 republica
1108 1715 1323 1782 necessarium
1349 1734 1480 1796 quoque

285 1809 479 1870 censuerunt
496 1809 631 1882 veterae,
656 1809 692 1868 ut
709 1821 770 1868 non
786 1804 890 1869 suiuus
914 1800 1065 1868 insoluto
1089 1803 1200 1880 sacris,
1225 1822 1319 1884 quam
1335 1805 1366 1868 in
1385 1822 1480 1870 sacro

283 1893 351 1972 ejus
390 1896 484 1967 statu,
525 1909 659 1956 munera
695 1909 752 1956 seu
787 1891 891 1956 officia
927 1890 1065 1972 publica,
1104 1891 1219 1970 quibus
1253 1891 1477 1971 magistratum

283 1997 438 2045 summum
452 1979 599 2059 adjuvari
612 1983 789 2060 oporteret,
814 1986 881 2044 tum
897 1978 1020 2059 majora
1033 1998 1130 2058 quam
1143 1980 1276 2058 minora,
1300 1978 1480 2060 prudenter

285 2074 393 2134 essent
416 2067 598 2134 distributa.
632 2066 810 2132 Voluerunt
842 2075 949 2132 autem
972 2085 1012 2131 ea
1035 2067 1190 2147 dignitate
1221 2084 1292 2132 esse
1316 2068 1380 2132 alia
1408 2068 1480 2132 aliis

283 2158 410 2236 potiora
439 2155 720 2236 honoratioraque,
752 2155 828 2234 quin
852 2161 886 2220 et
916 2174 974 2219 sua
1006 2155 1119 2220 Ordini
1151 2156 1265 2235 cuique
1296 2155 1428 2236 propria
1445 2151 1479 2234 ¹).

284 2245 333 2310 Ab
367 2244 526 2323 indigenis
558 2243 623 2324 illa,
662 2262 723 2308 non
747 2244 788 2308 ab
815 2243 1010 2332 alienigenis
1034 2244 1105 2324 geri
1141 2242 1260 2308 debere
1288 2248 1477 2309 statuerunt.

284 2333 388 2413 Vulgo
416 2349 455 2396 ea
485 2331 709 2410 distinguimus
740 2333 772 2395 in
803 2332 972 2412 superiora
1001 2336 1035 2396 et
1057 2331 1221 2397 inferiora.
1255 2331 1344 2396 Haec
1367 2337 1402 2397 et
1423 2332 1478 2396 illa

285 2421 421 2487 vicissim
445 2419 600 2498 gradibus
624 2437 749 2500 quoque
773 2420 838 2484 suis
862 2419 1077 2500 disparantur,
1102 2423 1137 2484 et
1160 2419 1285 2501 singula
1307 2425 1479 2499 praeterea

284 2511 343 2573 sub
379 2528 425 2586 se,
465 2527 523 2588 pro
563 2506 733 2572 functionis
772 2510 975 2579 necessitate,
1013 2507 1198 2573 introducta
1232 2525 1291 2572 usu
1325 2514 1359 2571 et
1392 2509 1477 2588 regis

283 2596 468 2662 Weuceslai
500 2595 676 2677 privilegio,
711 2595 758 2660 vel
783 2595 875 2675 plura
898 2594 947 2659 vel
971 2596 1124 2675 pauciora
1147 2595 1325 2660 ministeria
1349 2595 1478 2661 diuersa

283 2685 411 2750 habent.
439 2684 527 2761 Quae
544 2689 611 2748 tum
627 2685 659 2748 iu
676 2683 735 2762 liis,
760 2691 826 2749 tum
842 2684 875 2747 in
891 2683 952 2748 illis
976 2689 1088 2748 notatu
1105 2701 1166 2748 non
1189 2683 1320 2762 indigua
1335 2684 1477 2748 aninrad·

284 2773 453 2849 vertimus,
495 2789 689 2852 percurrere
731 2790 816 2835 nunc
850 2790 909 2851 pro
950 2775 1060 2836 uestra
1094 2771 1229 2844 iulantia
1270 2771 1475 2837 constitutum

284 2861 451 2926 babemus.
477 2859 651 2939 Superiora
676 2858 780 2924 officia
804 2858 859 2924 illa
880 2859 1022 2924 videmus
1039 2878 1058 2922 a
1073 2859 1148 2923 viris
1163 2859 1292 2940 generis
1307 2860 1478 2939 splendore

282 2949 376 3014 claris
400 2949 480 3027 geri,
511 2952 544 3011 et
567 2949 724 3026 quaedam
749 2965 819 3012 esse
843 2947 1051 3026 hereditaria,
1083 2947 1236 3027 pleraque
1261 2965 1336 3012 cero
1360 2947 1476 3024 omnia,

286 3045 321 3101 ut
344 3037 389 3100 sic
414 3035 566 3113 dicamus,
592 3035 708 3099 dativa.
733 3035 793 3098 llla
825 3035 921 3100 certis
944 3035 1094 3100 nobilium
1126 3035 1279 3115 stirpibus
1306 3034 1373 3112 ‚iarn
1404 3034 1477 3100 olim

283 3131 356 3188 scirit
380 3125 520 3204 alligata,
557 3129 591 3187 et
614 3124 739 3188 nonnisi
762 3121 1019 3189 cohonestandae
1043 3122 1074 3187 in
1099 3123 1282 3190 solennibus
1304 3122 1476 3202 inaugura-

285 3213 434 3291 tionibuS,
453 3211 627 3290 curiaeque
642 3211 764 3290 Regiae
778 3211 892 3277 diebus
905 3211 1007 3291 bonis,
1023 3221 1134 3289 regum
1148 3210 1311 3290 majestati
1322 3210 1478 3275 inservire

283 3301 448 3378 ridentur,
485 3300 566 3364 lraec
597 3299 720 3378 quoties
754 3319 832 3380 opus
867 3304 917 3363 est
948 3300 1046 3380 Regis
1076 3299 1219 3374 arbitrio,
1255 3317 1293 3363 er
1325 3305 1479 3363 accurrate

283 3389 363 3468 regii
399 3388 521 3452 consilii
554 3386 733 3464 sententia,
776 3386 854 3454 viris
889 3386 1010 3453 idoneis
1052 3387 1170 3451 virtute
1206 3404 1378 3466 rerumque
1419 3405 1478 3452 usu

285 3475 527 3556 spectatissimis
541 3472 755 3539 conferuntur.
781 3476 870 3540 luter
886 3473 1131 3540 hereditariam
1147 3473 1207 3540 hoc
1222 3474 1331 3553 Regno
1343 3493 1480 3540 ruunera

286 3569 361 3628 suut
384 3561 626 3640 Marescalatus,
651 3560 874 3630 Pincernatus.
901 3562 1076 3643 Dapiieria,
1101 3563 1373 3642 Praegustatoria,
1398 3563 1480 3628 etsi

286 3670 348 3730 qua
379 3656 453 3716 sunt
481 3651 555 3729 alia,
586 3668 667 3729 quae
698 3670 737 3714 ex
766 3669 805 3715 ea
834 3651 944 3730 stirpe,
976 3651 1027 3715 cui
1059 3655 1134 3714 sunt
1163 3650 1371 3729 hereditaria,
1404 3657 1478 3717 natu

288 3738 442 3802 maximus
465 3737 546 3803 solet
569 3737 669 3803 obire.
695 3737 775 3802 Sunt
791 3745 899 3804 autem
916 3741 1047 3820 propria
1062 3739 1200 3817 primum
1216 3739 1310 3820 stirpi
1323 3739 1478 3804 baronum

285 3826 461 3907 Lippensi,
505 3827 679 3891 secundum
719 3825 1007 3906 Wartenbergiae,
1052 3827 1183 3892 tertium
1223 3827 1479 3907 Hasenburgiae,

287 3921 436 3994 quartum
453 3912 649 3979 Seaimaeae.
674 3912 870 3995 Praecipuus
887 3915 950 3980 illis
967 3915 1049 3995 Regi
1069 3919 1119 3978 est
1136 3934 1225 3981 usus:
1251 3914 1478 3981 Marescallatn

286 4003 319 4065 in
342 4001 498 4081 gestando
522 4001 638 4081 gladio,
662 4001 858 4066 Pincernatu
882 4003 914 4068 in
938 4002 1068 4083 poculis,
1092 4003 1262 4080 Dapilaria
1282 4004 1478 4083 Praegusta·

285 4090 432 4169 terisque
454 4089 487 4153 in
511 4090 646 4169 dapibus
670 4089 898 4156 ministrandis.

383 4200 425 4265 ll.
460 4200 577 4264 Dativa
614 4217 710 4280 porro
734 4217 815 4279 quae
850 4201 1081 4281 appellavimus
1115 4219 1249 4267 munera
1283 4219 1341 4267 seu
1376 4201 1479 4266 officia

286 4288 461 4369 superiora,
486 4294 522 4352 ut
545 4287 676 4367 maj0ris
699 4292 773 4352 sunt
796 4287 974 4368 dignitatis,
997 4292 1044 4355 ita
1066 4293 1134 4368 turn
1156 4291 1368 4357 sacramentis
1383 4290 1479 4355 arcti-

282 4414 475 4432 ¹--——=

383 4485 478 4539 Comit.
497 4502 560 4539 ann.
581 4489 658 4556 1526,
678 4488 756 4544 1545.
