3234 5010
714 451 832 512 sladen.
846 460 881 484 ἠ·
923 469 924 473 ’
1340 452 1385 523 87

1317 584 1381 640 Pa.

196 679 384 748 Quadrupedes
404 680 578 761 pauperiem
580 678 705 746 faciente,
725 677 858 746 quomodo
877 677 1078 746 procedendum
1128 721 1133 732 .
1173 721 1178 732 .
1217 721 1222 733 .
1254 723 1266 734 ,.
1307 602 1384 738 786

195 777 268 844 Quot
285 775 372 829 modis
393 774 512 844 delinqui
531 775 618 843 possit
636 810 1086 830 ...........
1118 815 1131 841 ¹.
1171 816 1177 828 .
1215 810 1236 840 ·:
1260 816 1264 826 .
1287 815 1309 834 ,.
1347 777 1382 832 64

191 871 326 938 Quantum
349 875 455 936 tempus
474 865 625 921 homicidae
645 866 679 919 ab
698 865 807 932 agnatis
826 865 911 936 recipi
930 833 1086 934 possint
1305 867 1382 922 .ta

192 1007 287 1076 Rapta
304 1009 409 1076 raptori
429 1025 465 1062 an
483 1007 572 1075 possit
590 1007 691 1060 nubere
724 1047 729 1058 .
764 1024 766 1028 ·
767 1045 1132 1058 .........
1162 1024 1177 1056 ·.
1217 1046 1222 1057 .
1260 1046 1265 1056 .
1304 1046 1309 1056 .
1348 1007 1382 1062 68

189 1101 386 1168 Receptatores
406 1099 537 1154 similiter
552 1104 585 1163 ut,
600 1097 716 1152 malefici
735 1097 884 1165 puniuntur
904 1139 1178 1151 .......
1204 1111 1222 1151 ’.
1261 1138 1267 1150 .
1307 1139 1312 1150 .
1350 1100 1384 1154 74

192 1193 386 1263 ueramque
414 1233 597 1248 .....
624 1215 642 1244 ν.
680 1233 685 1243 .
726 1211 760 1244 .1
770 1233 1176 1246 ..........
1303 1179 1319 1246 .‘
1346 1191 1381 1250 sa

193 1290 251 1343 Reo
270 1288 391 1342 extincto
410 1287 577 1354 extinguitur
596 1292 623 1339 et
641 1301 731 1354 poena
772 1327 777 1338 .
816 1329 822 1340 .
861 1329 866 1340 .
894 1302 897 1308 ’
905 1328 1222 1342 ........
1248 1319 1266 1342 -.
1305 1330 1311 1342 .
1341 1278 1383 1346 ¹65

194 1379 417 1450 Repetundarum
437 1379 537 1433 crimen
592 1419 775 1432 .....
860 1421 866 1432 .
1083 1423 1089 1434 .
1130 1421 1135 1433 .
1174 1423 1180 1435 ,
1215 1369 1222 1437 .’
1261 1423 1267 1434 .
1305 1382 1383 1438 ,79

196 1472 646 1545 Reusquidetundedicatur.
686 1514 692 1526 .
731 1513 736 1525 .
776 1514 782 1525 .
820 1515 826 1526 .
864 1515 870 1526 .
909 1513 914 1526 .
953 1517 959 1528 .
998 1515 1003 1526 .
1042 1516 1047 1526 .
1087 1516 1092 1527 .
1131 1516 1137 1527 .
1175 1514 1181 1530 .
1219 1489 1228 1528 .·
1262 1493 1273 1529 .·
1300 1495 1314 1529 ·,
1368 1479 1385 1532 8

192 1565 244 1621 llei
262 1567 381 1624 officium
400 1567 499 1622 ibidem
547 1607 1045 1621 ............
1075 1583 1078 1590 ·
1082 1608 1311 1622 ......
1340 1560 1382 1608 '³-·-

190 1663 268 1718 ‘Reus
287 1664 434 1733 quotuplex
454 1702 860 1721 ..........
885 1695 887 1698 -
901 1701 1307 1716 ..........
1365 1665 1382 1719 9

191 1757 293 1810 Rens'
286 1772 313 1809 m
331 1756 429 1825 quibus
448 1755 570 1810 casibus
575 1752 757 1824 personaliter
776 1767 935 1820 comparere
953 1751 1034 1807 debet
1082 1794 1088 1806 .
1218 1797 1223 1809 ,
1262 1757 1384 1822 ,1418

190 1850 274 1919 Reus,
296 1848 319 1902 si
337 1847 403 1918 vult,
422 1855 513 1917 potest
532 1850 567 1903 ab
587 1853 678 1902 actore
699 1846 904 1943 satisdationem
929 1850 1030 1915 petere,
1058 1851 1200 1917 antequam
1220 1847 1309 1915 libello

245 1942 411 2011 respoudeat
454 1987 459 1998 .
497 1987 502 1998 .
537 2009 539 2014 Ι
543 1983 772 1998 ......
808 2002 811 2010 Δ
812 1981 995 1995 .....
1029 2001 1032 2008 ⁴
1033 1982 1306 1996 .......
1346 1945 1377 1999 21

196 2079 337 2148 Sacrilegii
355 2095 445 2148 poena
463 2120 1312 2134 ....................
1349 2085 1383 2139 76

180 2175 284 2228 1844144
304 2179 346 2228 444
365 2180 504 2228 nocentem
525 2173 674 2243 absolvere,
694 2191 774 2243 quam
792 2174 960 2228 innocentem
981 2173 1160 2229 condemnare
1216 2216 1222 2227 .
1260 2214 1267 2226 .
1304 2215 1310 2226 .
1347 2177 1382 2231 66

192 2267 341 2321 Satisdatio
361 2265 425 2335 qnid
456 2307 461 2320 .
500 2308 505 2320 .
543 2307 548 2320 .
579 2291 592 2321 ·.
633 2309 638 2321 .
669 2289 683 2320 ·.
712 2288 728 2321 ·.
757 2290 759 2294 ,
767 2308 1264 2324 ............
1281 2297 1308 2320 ·.
1347 2269 1381 2324 20

194 2345 334 2415 satisdare
353 2361 399 2429 qui
418 2366 607 2415 teneanturct
626 2361 744 2429 quinon
771 2403 776 2414 .
801 2380 822 2414 ¹.
861 2404 866 2414 .
892 2378 894 2388 ²
905 2402 1085 2415 .....
1112 2377 1114 2382 ·
1124 2403 1308 2415 .....
1345 2365 1376 2419 24

192 2456 296 2532 §editio
316 2454 390 2525 quid,
408 2460 435 2509 et
454 2472 523 2524 quae
542 2455 600 2523 ejus
619 2471 716 2523 poena.
766 2497 1306 2510 .............
1344 2460 1379 2515 79

118 2555 121 2562 ¹
193 2552 310 2616 Senatus
330 2551 360 2604 C.
378 2551 606 2606 Macedonianum
625 2567 674 2606 cur
692 2550 875 2606 introductum
902 2591 1307 2604 ..........
1346 2551 1381 2614 48

192 2645 334 2700 Sententia
353 2646 426 2715 quid,
444 2646 516 2700 unde
535 2645 651 2713 dicatur,
669 2644 819 2714 quotuplex
863 2687 1305 2700 ...........
1344 2649 1378 2703 57

193 2739 349 2794 Sententiae
368 2738 525 2807 declaratio,
544 2736 653 2806 quando
673 2743 700 2791 et
719 2721 853 2807 quomodo
872 2737 991 2804 petenda
1036 2778 1218 2792 .....
1258 2779 1264 2802 ‚
1302 2741 1380 2803 „58

194 2833 350 2888 Sententiae
368 2848 437 2900 quae
456 2832 587 2886 attributa
637 2871 1220 2887 ..............
1225 2811 1228 2818 ’
1259 2872 1264 2883 .
1304 2872 1310 2883 .
1347 2835 1380 2889 57

194 2926 335 2982 Servitute
354 2925 505 2994 promissae
524 2930 552 2978 et
569 2941 624 2979 non
643 2931 767 2980 servatae
787 2941 855 2994 quae
875 2940 963 2992 poena
995 2965 1310 2979 ........
1348 2928 1381 2983 76

196 3021 295 3074 Servus
314 3020 395 3072 etiam
414 3021 498 3073 invito
518 3017 626 3074 domino
645 3018 843 3103 matrimonium
863 3018 1024 3104 contrahere
1043 3023 1178 3085 potest
1304 3001 1382 3074 ,44

194 3111 339 3167 Stellionat
328 3118 371 3165 tus
391 3112 491 3166 crimen
510 3111 575 3179 quid
594 3116 622 3165 et
640 3111 698 3179 ejus
717 3099 806 3200 poena
861 3151 1309 3167 ...........
1347 3112 1382 3172 86

196 3195 341 3272 Sponsalia
360 3205 434 3274 qnid,
453 3205 621 3273 quotuplicia
640 3209 668 3258 et
686 3220 755 3274 quae
774 3193 866 3259 eorum
885 3204 1017 3294 attributa
1038 3245 1308 3260 .......
1337 3207 1382 3261 46

196 3299 326 3364 Stuprum
345 3297 419 3367 quid,
438 3298 587 3367 quotuplex
607 3304 633 3352 et
651 3313 721 3366 quae
740 3297 797 3364 ejus
816 3311 904 3364 poena
951 3337 1310 3352 .........
1347 3300 1382 3354 67

198 3389 339 3444 Subditum
359 3389 474 3458 aliocujus
493 3390 637 3446 detinentis
656 3405 745 3459 poena
773 3431 1311 3446 .............
1349 3391 1383 3446 76

196 3483 401 3537 Succedentium
420 3483 528 3538 ordines
548 3489 621 3552 quot,
644 3489 671 3537 et
689 3483 755 3552 quid
773 3483 909 3538 successio
929 3485 963 3538 ab
982 3484 1110 3538 intestato
1171 3525 1177 3537 .
1216 3526 1221 3537 .
1260 3525 1266 3538 .
1305 3525 1311 3538 .
1349 3485 1383 3541 36

196 3576 337 3631 Successio
357 3576 471 3630 aliaest
491 3576 636 3644 incapite,
656 3575 755 3630 411414
775 3577 874 3645 stirpes
906 3617 1312 3632 ..........
1350 3606 1382 3616 -

196 3713 323 3770 Termino
336 3715 517 3783 peremptorio
532 3716 721 3782 praeterlapsc
736 3713 882 3778 nondatur
900 3714 969 3768 alius
988 3713 1041 3767 nisi
1053 3731 1087 3767 ex
1098 3713 1229 3767 beneficio
1242 3712 1312 3780 juris
1349 3714 1383 3769 20
1442 3703 1445 3709 ¹

195 3808 400 3862 'l'estamentnm
419 3809 529 3878 quidet
548 3809 697 3879 quotuplex
727 3847 1312 3864 ..............
1349 3809 1383 3862 33

194 3901 399 3956 Testamentum
419 3901 479 3971 quis
498 3901 615 3957 condere
634 3904 725 3968 potest
771 3939 1267 3955 ............
1292 3941 1310 3957 ,.
1348 3926 1381 3938 -

194 3995 398 4048 Testamentum
412 3993 475 4062 jure
493 3992 595 4046 lactum
614 3993 748 4061 quomodo
767 3992 918 4047 infirmatur
949 4032 1311 4049 .........
1348 3992 1383 4048 33

195 4089 431 4143 'testamentorum
450 4088 597 4156 publicatio
617 4085 741 4141 differtur
760 4086 795 4140 ad
814 4091 831 4144 4
849 4085 1036 4142 hebdomadas
1082 4125 1312 4138 ......
1349 4085 1383 4140 34

196 4183 304 4237 Testari
323 4174 471 4249 impediens
492 4179 644 4234 excluditur
662 4197 678 4233 a
698 4180 869 4235 successione
907 4223 913 4236 .
953 4222 958 4233 .
996 4216 1003 4233 ,
1041 4218 1313 4234 .......
1324 4246 1326 4250 .
1349 4177 1383 4232 32

194 4276 292 4330 Testes
311 4275 402 4330 idonei
421 4275 466 4344 qui
486 4274 612 4328 dicantur
639 4310 1314 4328 ................
1351 4270 1385 4326 33

197 4369 294 4423 Testes
313 4374 378 4437 post
395 4365 450 4421 litis
471 4367 693 4421 contestationem
713 4365 820 4434 quando
840 4366 954 4433 produci
973 4372 1088 4433 possunt
1125 4405 1309 4421 .....
1351 4393 1382 4400 -

200 4464 295 4517 Testes
315 4461 394 4516 citari
413 4459 500 4515 solent
518 4476 567 4529 per
586 4460 695 4514 chartas
716 4458 848 4513 dissectas
909 4499 1315 4516 ..........
1355 4485 1385 4494 -
