3270 5020
599 522 766 592 Respublica
784 523 904 591 Bojema.
924 526 990 593 Cap.
1010 524 1071 579 XV.
1366 531 1429 600 263

238 661 349 740 vocati,
374 663 406 726 in
430 661 612 742 Consilium,
637 664 873 742 quotieslibet,
900 672 1033 744 possunt
1058 668 1176 743 venire,
1207 668 1429 734 incommune

237 750 412 825 consulere,
448 749 598 815 interfari
637 756 670 815 et
708 770 790 830 quae
829 771 847 814 e
886 771 922 815 re
960 754 1088 835 publica
1126 773 1197 818 esse
1233 759 1426 837 censuerint,

238 840 421 903 admonere.
451 838 748 904 l'ro-Cancellarius
779 843 951 920 praeterea
982 846 1015 906 et
1040 840 1240 908 secretarius
1269 845 1430 910 intersunt

237 928 416 992 necessario
441 926 727 991 deliberationibus
751 928 907 991 omnibus.

335 1015 376 1078 ll.
401 1015 556 1092 Quoniam
580 1033 656 1079 vero
679 1016 819 1094 negotia,
844 1034 927 1094 quae
951 1016 1002 1080 hic
1025 1021 1216 1098 tractantur,
1242 1039 1303 1085 non
1324 1022 1428 1086 omnia

240 1123 339 1183 aeque
364 1111 437 1170 sunt
460 1105 572 1182 ardua,
605 1123 644 1167 ea
666 1104 706 1167 16
731 1122 827 1168 carisa
849 1111 1014 1183 receptum
1034 1105 1101 1184 jam
1124 1107 1197 1171 olim
1221 1127 1279 1173 usu
1303 1115 1361 1189 est,
1393 1117 1428 1175 ut

239 1192 371 1256 Concilii
387 1191 480 1272 hujus
498 1190 645 1270 Senatus,
662 1211 720 1272 pro
736 1211 771 1256 rc
787 1198 873 1272 nata,
896 1193 977 1256 alins
993 1193 1054 1258 alio
1071 1200 1203 1274 cogatur
1218 1191 1426 1277 frequentior,

240 1285 273 1345 et
295 1286 429 1361 propter
451 1299 521 1344 eam
539 1281 729 1344 Senatorum
753 1279 967 1360 frequentiam
989 1282 1038 1345 vel
1059 1282 1319 1365 infrequentiam,
1344 1285 1428 1350 alind

239 1370 291 1433 bio
305 1368 481 1447 augustius
505 1369 592 1431 aliud
609 1369 773 1447 angustius
790 1367 956 1432 concilium
974 1370 1037 1434 dici
1054 1376 1160 1450 queat.
1184 1371 1222 1435 In
1246 1375 1428 1452 augustiore

240 1456 372 1521 concilio
396 1455 459 1534 illo,
484 1456 734 1520 deliberationes
757 1456 797 1519 de
821 1457 1015 1535 reipublicae
1040 1465 1134 1539 statu,
1159 1460 1374 1542 dequeltegis
1391 1481 1429 1528 ac

240 1544 348 1624 populi
371 1543 512 1607 universi
535 1544 781 1608 necessitatibus
806 1562 844 1608 ac
867 1545 970 1609 salute
992 1546 1214 1626 instituuntnr3
1240 1552 1428 1630 quandoque

241 1636 337 1696 etiam
369 1631 513 1710 exemplo
545 1631 617 1695 olim
649 1633 797 1696 nocitura
828 1638 861 1696 et
890 1633 1051 1713 explicatu
1079 1633 1222 1698 difficilia
1251 1636 1427 1702 incolarum

241 1719 438 1800 singulorum
461 1720 590 1798 negotia
615 1721 817 1800 attinguntur
835 1740 873 1786 ac
894 1721 1125 1802 disceptantur.
1149 1723 1293 1788 Advocat
1309 1732 1427 1802 autem,
1480 1730 1483 1736 '

241 1809 365 1887 quoties
389 1826 468 1889 opus
492 1813 551 1886 est,
581 1814 750 1888 angustum
774 1807 836 1874 boc
859 1808 1026 1873 concilium
1050 1811 1120 1876 Rex
1142 1812 1221 1890 ipse,
1252 1814 1364 1879 excitis
1388 1816 1429 1878 ad

241 1897 325 1959 diem
342 1895 562 1977 Senatoribus,
588 1914 658 1960 cum
682 1897 721 1961 iis
745 1898 800 1976 qui
814 1897 943 1976 Pragae
966 1917 1025 1978 per
1048 1904 1173 1979 tempus
1197 1908 1271 1966 sunt
1285 1911 1427 1984 praesto,

240 1992 307 2049 tum
330 1985 551 2050 selectioribus
573 1985 721 2064 caeteris,
753 1985 807 2064 qui
829 1986 904 2049 hinc
926 1987 1000 2050 inde
1024 2005 1082 2066 per
1105 1987 1269 2054 districtus
1293 1991 1427 2054 admini-

241 2071 381 2136 strandis
404 2073 538 2153 privatis
562 2073 627 2137 suis
651 2080 748 2152 atque
773 2073 955 2138 domesticis
978 2077 1074 2139 rebus
1093 2075 1219 2156 intenti,
1244 2077 1426 2158 domiquis-

241 2179 302 2240 que
326 2177 402 2224 suae
427 2167 551 2240 tempus
574 2163 763 2226 rusticando
787 2166 912 2242 terunt3
941 2163 1015 2242 imo,
1040 2165 1065 2226 si
1089 2180 1182 2228 casus
1206 2165 1238 2228 id
1263 2167 1427 2246 deposcat,

242 2248 411 2328 aliqnando
436 2251 533 2313 etiam
557 2249 627 2316 aliis
650 2270 689 2315 ex
707 2251 905 2330 privatorum
922 2269 1065 2330 numero,
1091 2253 1166 2315 viris
1182 2270 1291 2317 rerum
1306 2255 1428 2334 peritis.

241 2337 408 2401 advocant
431 2337 580 2402 similiter
603 2338 780 2402 Concilium
809 2338 870 2402 hoc
901 2355 1048 2418 magnum
1080 2358 1118 2403 ac
1145 2347 1315 2421 augustum
1338 2343 1430 2422 regni

242 2425 432 2504 Optimates,
467 2426 524 2489 sed
552 2427 678 2491 nonnisi
707 2431 784 2501 tum,
820 2445 891 2491 cum
921 2427 961 2490 de
989 2427 1088 2507 Regis
1119 2445 1259 2507 assensu,
1292 2431 1428 2494 comitiis

240 2513 332 2592 regni
363 2514 484 2593 calatis,
516 2513 585 2592 ejus
610 2515 745 2594 cogendi
767 2516 829 2579 illis
853 2515 945 2594 copia
969 2520 1017 2578 est
1039 2515 1135 2580 facta.
1167 2515 1291 2580 Adsunt
1322 2521 1426 2582 antem

241 2600 375 2665 concilio
407 2603 452 2664 sic
485 2607 594 2665 coacto
623 2602 707 2667 inter
732 2603 913 2683 Optimates
936 2621 997 2666 non
1022 2605 1115 2667 modo
1140 2603 1314 2668 Senatores
1338 2608 1430 2685 regui

242 2707 363 2767 omnen,
388 2691 533 2769 regiique
546 2690 730 2765 consiliarii,
753 2710 865 2756 verum
889 2697 922 2755 et
945 2691 1098 2771 descripti
1122 2692 1311 2773 plerumque
1333 2694 1438 2760 comi.

241 2780 357 2841 tiorum
382 2778 523 2855 decreto,
548 2797 587 2842 ex
609 2780 754 2858 privatis,
778 2799 862 2843 nunc
885 2779 1003 2859 plures
1030 2798 1113 2843 nunc
1137 2781 1314 2860 pauciores,
1342 2781 1428 2845 dele·

241 2865 315 2944 goti.
352 2865 467 2946 Agitur
497 2867 528 2931 in
560 2885 598 2930 eo
628 2886 667 2931 ac
697 2867 896 2932 consultatur
926 2868 965 2930 iis
994 2867 1151 2932 duntaxat
1182 2869 1222 2932 de
1249 2869 1356 2948 rebec,
1388 2871 1428 2933 de

242 2953 366 3032 quibua,
392 2954 511 3018 exclusi
536 2960 681 3036 tempore
705 2955 845 3020 Ordines
868 2955 1016 3035 universi,
1040 2957 1071 3019 in
1098 2957 1233 3021 comitiis
1253 2957 1430 3022 decernere

242 3060 303 3106 non
327 3047 503 3121 potnerunt
525 3047 560 3106 et
583 3043 622 3106 de
647 3043 760 3121 quibus
784 3042 947 3108 statuendi
971 3049 1163 3124 potestatem
1188 3045 1262 3110 huic
1286 3045 1428 3123 concilio,

243 3129 348 3194 verbis
374 3130 502 3194 disertis
524 3130 681 3195 fecerunt.
707 3131 922 3209 Ferdinando‚
945 3130 1172 3210 Maximiliano,
1196 3132 1430 3213 Rudolphoqne

241 3219 463 3298 regnantibus,
486 3219 652 3282 concilium
676 3218 736 3281 hoc
760 3219 893 3298 legimus
915 3220 1013 3284 fuisse
1037 3226 1182 3284 coactum
1206 3221 1375 3300 aliquoties
1394 3213 1429 3300 ¹),

241 3305 282 3370 de
313 3306 440 3384 publica
469 3308 597 3387 patriae
629 3305 824 3384 defensione,
856 3308 1073 3386 exciendoqne
1104 3308 1145 3370 ad
1169 3307 1287 3372 bellum
1310 3309 1430 3373 viritim

239 3393 356 3474 populo
380 3394 475 3473 omni,
508 3395 548 3458 de
579 3395 847 3475 recognoscendis
878 3413 915 3458 ac
942 3395 1093 3473 regundis
1117 3396 1209 3475 regni
1231 3393 1357 3476 finibus,
1391 3397 1430 3460 (16

239 3481 423 3545 relaxandis
436 3483 695 3562 redimendisque
708 3483 778 3547 sitis
791 3482 876 3546 ultra
888 3483 1032 3560 limitem,
1049 3484 1269 3562 oppignoratis
1283 3483 1430 3548 Coronae

240 3569 427 3649 latifundiis
453 3570 493 3632 de
517 3570 576 3633 viis
600 3588 714 3635 recens
736 3569 911 3634 afinitimis
927 3569 1094 3634 manifesto
1112 3572 1293 3636 accolarum
1310 3574 1428 3637 incom-

241 3657 334 3722 modo
351 3658 384 3721 in
400 3677 533 3736 regnum
550 3661 682 3737 apertis,
706 3660 913 3739 emporioque
937 3657 1012 3722 salis
1035 3659 1203 3740 inusitat03
1227 3660 1266 3724 de
1282 3665 1429 3724 monetae

241 3745 405 3810 cudendae
418 3746 526 3812 valore
538 3753 571 3809 ct
582 3746 717 3826 legibus
740 3746 780 3811 de
794 3742 1097 3825 collatitia'pecunia
1111 3763 1152 3810 ex>
1161 3747 1358 3828 reipublicae
1371 3765 1429 3812 usu

239 3832 416 3913 prudenter
432 3835 657 3914 dispensanda,
682 3834 721 3897 de
734 3834 917 3899 foederibus
930 3833 1136 3898 hereditariis
1149 3853 1219 3899 cum
1232 3836 1430 3917 principibus

239 3921 351 3987 vicinis
375 3921 534 4002 majorum
556 3923 701 4003 exemplo
720 3922 921 4000 renovandis
948 3921 1051 4002 deque
1067 3921 1101 3984 id
1116 3941 1218 4001 genus
1233 3925 1331 3989 rebus
1349 3923 1428 3987 aliis.

339 4008 398 4074 lll.
433 4008 470 4072 In
495 4012 679 4088 angustiore
704 4029 800 4091 porro
825 4011 918 4089 Regii
943 4009 1131 4074 Consistorii
1163 4011 1294 4078 concilio
1325 4030 1429 4090 neque

241 4101 330 4161 tanta
354 4098 534 4176 requiritur
557 4097 695 4162 Senatus
718 4097 907 4176 frequentia,
936 4117 1040 4178 neque
1065 4099 1104 4162 de
1129 4099 1299 4163 universae
1322 4101 1428 4179 reipu-

238 4185 342 4250 blicae
366 4190 454 4250 statu
479 4186 611 4251 consilia
635 4187 812 4266 capiuntur.
846 4185 1049 4266 Singulorum
1082 4187 1143 4266 hic,
1176 4188 1237 4266 vel,
1269 4197 1303 4251 ut
1330 4187 1429 4267 pluri-

238 4292 333 4353 mum,
367 4293 552 4354 paucorum,
584 4291 763 4354 pauperum
794 4275 918 4354 pariter
949 4280 983 4338 et
1006 4275 1239 4356 opulentorum,
1270 4276 1431 4357 postulata

239 4363 511 4441 querimoniaeve,
534 4363 736 4442 vulgariores
754 4379 790 4425 ac
807 4363 1020 4441 quotidianae,
1046 4364 1281 4444 expenduntur,
1306 4370 1339 4428 et
1362 4367 1429 4442 qui-

338 4552 362 4622 ¹)
381 4553 476 4608 Comit
496 4568 558 4606 ann.
579 4557 656 4624 1545,
677 4557 756 4622 1557,
777 4556 1142 4625 1569,1575,1585,1586‚
1161 4561 1241 4627 1596,
1259 4561 1335 4626 1604,
1355 4561 1431 4615 1610.
