3188 5008
660 461 714 520 Tit.
734 463 823 520 XXII.
1299 471 1341 539 45

142 613 246 666 causa
271 618 291 664 a
313 601 447 682 proprio
471 601 539 669 viro
562 603 658 669 fuerit
681 609 844 685 separata,
869 611 936 670 tum
960 610 1061 671 totam
1085 607 1192 673 dotem
1215 610 1339 690 recipit.

144 686 251 753 Sicuti
274 691 357 752 enim
382 688 486 754 soluto
510 692 712 757 matrimonio
735 693 864 758 dona-tio
888 703 1023 775 propter
1046 697 1175 776 nuptias
1198 697 1283 763 redit
1299 698 1339 762 ad

144 777 263 855 virum,
286 778 332 842 ita
357 775 415 841 dos
438 779 525 843 redit
547 780 588 843 ad
612 780 788 860 mulierem.

246 866 308 930 Hic
342 864 457 944 aliquis
492 868 632 948 objicere
667 875 790 949 posset:
828 870 949 934 Tamen
984 867 1016 934 in
1054 870 1341 937 constitutionibus

143 953 258 1018 Caroli
281 953 390 1032 Magni
415 955 634 1036 Imperatoris,
660 957 713 1036 qui
736 959 859 1038 primus
882 958 951 1029 fuit.
985 959 1038 1035 qui
1062 977 1096 1022 se
1119 959 1243 1024 fecerat
1258 966 1338 1024 tem-

142 1061 227 1122 pore
239 1041 372 1105 Adriani
385 1040 550 1108 l'ontificis
562 1044 824 1126 Romani-inungi
834 1049 920 1111 inter
933 1047 1157 1128 imperatores
1174 1052 1338 1126 statutum,

143 1149 346 1195 concernens
371 1127 524 1211 Saxones
554 1132 604 1196 his
634 1134 739 1197 verbis
767 1135 920 1199 habetur:
944 1133 1063 1199 Mulier
1093 1154 1154 1216 per
1182 1135 1339 1200 luxuriam

143 1220 197 1283 sui
232 1217 378 1298 corporis
411 1225 520 1300 potest
550 1221 668 1285 famam
704 1239 794 1285 suam
826 1222 1019 1302 denigrare,
1038 1223 1114 1301 ‚iura
1145 1229 1252 1288 autem
1281 1242 1341 1288 suo

143 1311 325 1388 propterea
348 1321 410 1370 non
434 1307 560 1387 perdet,
585 1327 689 1388 neque
712 1309 940 1375 hereditatem.
970 1310 1034 1375 Sed
1058 1311 1230 1391 sciendum,
1256 1313 1339 1390 quod

144 1413 186 1458 ea
212 1394 327 1460 saltem
352 1394 570 1474 procedebant
592 1396 758 1476 insoluta,
790 1404 822 1463 et
844 1417 906 1462 non
931 1400 961 1463 in
986 1399 1134 1463 adultera
1157 1399 1207 1463 vel
1229 1403 1339 1480 nupta.

142 1485 253 1564 Atque
276 1483 374 1548 etiam
399 1482 535 1548 Carolus
557 1482 590 1549 id
614 1485 797 1550 admississe
820 1486 949 1550 videtur
965 1485 1007 1550 ad
1030 1486 1214 1550 evitandum
1238 1486 1340 1566 majus

145 1573 278 1648 malum,
301 1571 395 1635 sicuti
410 1571 531 1636 Moises
546 1573 693 1652 permisit
710 1573 882 1653 aliquando
897 1573 1031 1638 ludaeis
1046 1575 1187 1639 libellum
1203 1575 1341 1654 repudii,

146 1678 189 1724 ne
213 1677 290 1724 suas
306 1657 527 1724 interficerent
542 1678 669 1740 1111111,
687 1667 721 1726 11
743 1661 947 1726 immolarent
964 1681 1039 1726 vero
1056 1663 1134 1742 Deo,
1159 1663 1244 1726 iuter
1260 1663 1340 1727 alias

145 1765 263 1812 causas
287 1752 471 1828 propterea,
495 1767 535 1812 ne
560 1748 640 1813 alias
656 1750 857 1814 declinarent
873 1750 914 1813 ad
937 1749 1033 1816 idola.
1058 1751 1171 1830 ltaque
1195 1749 1338 1815 11111111-

144 1837 271 1900 stitutio
295 1853 358 1899 non
383 1840 433 1900 est
456 1837 502 1900 sie
519 1837 716 1919 accipienda,
733 1838 817 1917 quod
834 1837 947 1904 mulier
964 1839 1112 1903 adultera
1128 1857 1190 1903 non
1206 1839 1342 1905 deberet

149 1924 291 2004 perdere
308 1923 431 1986 lucrum
447 1923 536 2004 illud,
560 1926 645 2004 quod
669 1945 708 1990 ex
723 1925 843 2007 nuptiis
867 1927 1015 1991 amarito
1031 1925 1143 1992 luisset
1161 1934 1340 1993 consecuta.

611 2119 682 2187 XV.
707 2122 874 2202 Regula.

252 2253 370 2320 Mulier
397 2257 521 2321 nubens
550 2253 634 2318 infra
663 2273 780 2319 annum
811 2253 989 2334 lugubrem,
1017 2245 1178 2320 infamiam
1209 2274 1270 2320 non
1294 2257 1341 2321 in-

151 2343 265 2407 currit.
302 2343 465 2422 Siquidem
493 2342 667 2423 Apostolus
698 2343 792 2407 dicit:
823 2342 943 2406 Mulier·
974 2349 1099 2409 mortuo
1131 2345 1198 2408 viro
1240 2344 1343 2408 soluta

147 2435 199 2493 est
222 2429 347 2510 legibus
376 2436 409 2496 et
431 2432 533 2497 habet
565 2437 760 2512 potestatem
792 2430 941 2500 nubendi¹
961 2433 994 2496 in
1018 2429 1164 2513 Domino,
1196 2433 1345 2496 videlicet

150 2536 215 2581 non
241 2520 441 2586 obstantibus
464 2520 598 2601 legibue,
629 2538 711 2599 quae
734 2519 910 2599 probibent
936 2522 1064 2602 nuptias
1088 2519 1233 2602 contrahi
1260 2520 1344 2584 inl'ra
1441 2567 1444 2573 .

147 2625 275 2670 annum.

604 2740 690 2806 XVI.
715 2738 883 2820 Regula.

248 2871 454 2936 Matrimonia
484 2872 605 2937 debent
635 2891 706 2937 esse
734 2873 852 2952 libera;
888 2891 962 2938 nam
991 2878 1078 2938 metu
1107 2879 1141 2937 et
1171 2873 1340 2937 coactione

148 2965 319 3024 contracta
353 2961 421 3042 ipso
456 2959 529 3039 jure
564 2965 638 3024 sunt
669 2960 764 3025 nulla.
800 2961 939 3025 Proinde
973 2962 1000 3025 si
1036 2979 1112 3042 pars
1141 2960 1341 3042 sponsalibus

151 3048 274 3112 coactis
304 3053 430 3128 renuat,
460 3050 566 3130 potius
598 3055 648 3112 est
676 3049 833 3114 monenda
857 3044 952 3128 quam
982 3050 1135 3131 cogenda,
1167 3055 1202 3112 ut
1231 3049 1340 3112 datam

146 3133 245 3199 fidem
281 3141 409 3216 servet3
445 3133 627 3202 coactiones
666 3155 782 3217 nempe
815 3135 959 3202 dilficiles
999 3137 1176 3201 sortiuntur
1209 3136 1342 3200 effectus

150 3213 203 3304 (C.
221 3222 282 3289 ¹34.
308 3225 395 3290 Diei.
422 3221 472 3304 1.)

248 3312 340 3378 Licet
359 3313 506 3394 conjugia
523 3313 662 3379 debeant
678 3331 748 3377 esse
764 3312 875 3391 libera,
893 3320 1000 3378 tamen
1017 3313 1189 3378 secundum
1204 3312 1339 3378 Constit.

148 3399 259 3464 Caroli
282 3400 390 3479 Quinti
413 3402 493 3483 lmp.
518 3401 637 3465 factam
666 3402 698 3464 in
722 3402 787 3465 suis
810 3401 1015 3466 hereditariis
1037 3403 1156 3480 regnis
1190 3419 1283 3480 quam
1308 3406 1342 3464 et

149 3506 209 3552 nos
232 3490 406 3570 sequimur,
430 3490 585 3570 ejusmodi
608 3490 728 3553 liberae
747 3489 903 3553 voluntati
920 3508 1044 3569 quoque
1062 3489 1218 3554 accedere
1244 3489 1341 3553 debet

148 3593 323 3642 consensus
353 3583 536 3659 parentum,
567 3578 616 3642 vel
641 3595 762 3658 eorum,
794 3577 847 3656 qui
870 3586 1041 3658 parentum
1070 3579 1139 3642 loco
1163 3577 1338 3655 habentur,

151 3680 245 3727 11111
274 3665 357 3748 enim
379 3665 533 3730 facientes
555 3665 594 3730 de
614 3666 686 3747 jure
710 3670 819 3732 nostro
842 3666 1032 3731 exheredari
1049 3672 1181 3748 possunt
1216 3654 1336 3745 ((131.

148 3752 212 3816 clus
236 3752 332 3818 Pron.
360 3742 485 3833 159.)

598 3889 699 3954 XVII.
725 3890 890 3971 Regula.

250 4023 284 4088 si
307 4025 471 4105 contingat
500 4025 606 4104 aliquo
630 4044 668 4089 ex
696 4044 795 4090 causa
817 4025 958 4105 legitima
986 4027 1071 4090 inter
1094 4026 1244 4106 conjuges
1268 4026 1339 4091 fieri

150 4113 334 4190 divortium,
358 4113 452 4178 liberi
476 4131 514 4177 ex
537 4113 575 4177 iis
595 4114 662 4178 nati
686 4133 742 4194 pro
766 4114 916 4192 legitimis
940 4114 1100 4179 habentur
1122 4104 1179 4194 (F.
1202 4106 1275 4194 45.)

249 4201 400 4281 Legitimi
429 4202 521 4266 liberi
552 4201 591 4266 de
617 4202 690 4282 jure
722 4208 830 4266 nostro
865 4202 1072 4266 declarantur
1101 4207 1157 4265 aut
1179 4222 1240 4283 per
1263 4222 1337 4267 eon-

148 4288 319 4354 fessiouem
355 4295 524 4369 parentum
559 4281 580 4369 (
579 4289 616 4355 F.
642 4289 693 4354 43.
727 4291 813 4354 Diet.
842 4283 902 4372 1.),
939 4297 995 4355 aut
1029 4309 1086 4369 per
1121 4282 1346 4355 testimonium
1426 4292 1431 4300 '

146 4379 285 4442 'duorum
308 4378 458 4457 virorum,
487 4379 541 4458 qui
566 4378 766 4459 sponsalibus
789 4378 1004 4442 interfuerunt
1027 4371 1047 4458 (
1049 4379 1083 4442 11
1098 4376 1149 4444 43.
1168 4379 1253 4444 Dist.
1272 4378 1301 4444 2.
1306 4372 1334 4459 ),

149 4470 207 4530 aut
229 4484 290 4547 per
312 4465 525 4530 instrumenta
548 4465 676 4546 publica
699 4457 721 4545 (
720 4467 755 4528 F.
781 4458 863 4545 44).
