<?xml version="1.0" encoding="UTF-8"?>
<!DOCTYPE html PUBLIC "-//W3C//DTD XHTML 1.0 Transitional//EN"
    "http://www.w3.org/TR/xhtml1/DTD/xhtml1-transitional.dtd">
<html xmlns="http://www.w3.org/1999/xhtml" xml:lang="en" lang="en">
 <head>
  <title>
</title>
<meta http-equiv="Content-Type" content="text/html;charset=utf-8" />
  <meta name='ocr-system' content='tesseract 3.04.00' />
  <meta name='ocr-capabilities' content='ocr_page ocr_carea ocr_par ocr_line ocrx_word'/>
</head>
<body>
  <div class='ocr_page' id='page_1' title='image "./codexjurisbohem01kingoog_0038.png"; bbox 0 0 3196 5010; ppageno 0'>
   <div class='ocr_carea' id='block_1_1' title="bbox 297 441 1167 550">
    <p class='ocr_par' dir='ltr' id='par_1_1' title="bbox 297 441 1167 550">
     <span class='ocr_line' id='line_1_1' title="bbox 297 441 1167 550; baseline -0.011 -13"><span class='ocrx_word' id='word_1_1' title='bbox 297 482 341 550; x_wconf 80' lang='lat'>22</span> <span class='ocrx_word' id='word_1_2' title='bbox 696 481 729 534; x_wconf 89' lang='lat' dir='ltr'>v.</span> <span class='ocrx_word' id='word_1_3' title='bbox 749 476 917 548; x_wconf 81' lang='lat' dir='ltr'>ophthdmii</span> <span class='ocrx_word' id='word_1_4' title='bbox 934 475 1090 530; x_wconf 72' lang='lat' dir='ltr'><strong>processus.</strong></span> <span class='ocrx_word' id='word_1_5' title='bbox 1164 441 1167 449; x_wconf 76' lang='grc'><strong>’</strong></span> 
     </span>
    </p>
   </div>
   <div class='ocr_carea' id='block_1_2' title="bbox 298 614 1540 2810">
    <p class='ocr_par' dir='ltr' id='par_1_2' title="bbox 300 614 1540 790">
     <span class='ocr_line' id='line_1_2' title="bbox 397 614 1540 700; baseline -0.001 -16"><span class='ocrx_word' id='word_1_6' title='bbox 397 621 447 684; x_wconf 85' lang='lat' dir='ltr'>Ex</span> <span class='ocrx_word' id='word_1_7' title='bbox 475 618 577 684; x_wconf 85' lang='lat' dir='ltr'>officio</span> <span class='ocrx_word' id='word_1_8' title='bbox 605 636 743 698; x_wconf 82' lang='lat' dir='ltr'>namque</span> <span class='ocrx_word' id='word_1_9' title='bbox 772 617 821 681; x_wconf 90' lang='lat' dir='ltr'>rei</span> <span class='ocrx_word' id='word_1_10' title='bbox 851 621 916 695; x_wconf 89' lang='grc' dir='ltr'>θεῖ,</span> <span class='ocrx_word' id='word_1_11' title='bbox 947 615 1050 695; x_wconf 90' lang='lat' dir='ltr'>actori</span> <span class='ocrx_word' id='word_1_12' title='bbox 1081 614 1129 678; x_wconf 90' lang='lat' dir='ltr'>vel</span> <span class='ocrx_word' id='word_1_13' title='bbox 1160 633 1312 695; x_wconf 88' lang='lat' dir='ltr'>expresse</span> <span class='ocrx_word' id='word_1_14' title='bbox 1342 619 1392 682; x_wconf 89' lang='lat' dir='ltr'>vel</span> <span class='ocrx_word' id='word_1_15' title='bbox 1434 637 1503 700; x_wconf 87' lang='lat' dir='ltr'>per</span> <span class='ocrx_word' id='word_1_16' title='bbox 1536 614 1540 622; x_wconf 82' lang='lat'>&#39;</span> 
     </span>
     <span class='ocr_line' id='line_1_3' title="bbox 300 699 1505 790; baseline -0.003 -15"><span class='ocrx_word' id='word_1_17' title='bbox 300 710 440 790; x_wconf 83' lang='lat' dir='ltr'>aliquam</span> <span class='ocrx_word' id='word_1_18' title='bbox 464 709 683 788; x_wconf 80' lang='lat' dir='ltr'>exceptionem</span> <span class='ocrx_word' id='word_1_19' title='bbox 707 707 903 786; x_wconf 88' lang='lat' dir='ltr'>respondere</span> <span class='ocrx_word' id='word_1_20' title='bbox 927 699 985 784; x_wconf 81' lang='lat' dir='ltr'>(B.</span> <span class='ocrx_word' id='word_1_21' title='bbox 1001 702 1050 767; x_wconf 80' lang='lat'>12.</span> <span class='ocrx_word' id='word_1_22' title='bbox 1066 699 1154 767; x_wconf 82' lang='lat' dir='ltr'>Dc&#39;c&#39;t</span> <span class='ocrx_word' id='word_1_23' title='bbox 1168 705 1196 767; x_wconf 86' lang='grc'>1.</span> <span class='ocrx_word' id='word_1_24' title='bbox 1215 707 1253 768; x_wconf 80' lang='grc' dir='ltr'>Α.</span> <span class='ocrx_word' id='word_1_25' title='bbox 1269 707 1320 770; x_wconf 79' lang='grc'>45.</span> <span class='ocrx_word' id='word_1_26' title='bbox 1336 706 1428 771; x_wconf 72' lang='lat' dir='ltr'>Diae.</span> <span class='ocrx_word' id='word_1_27' title='bbox 1445 699 1505 788; x_wconf 81' lang='lat'>3.)</span> 
     </span>
    </p>

    <p class='ocr_par' dir='ltr' id='par_1_3' title="bbox 298 792 1506 1127">
     <span class='ocr_line' id='line_1_4' title="bbox 398 792 1506 875; baseline -0.001 -15"><span class='ocrx_word' id='word_1_28' title='bbox 398 796 491 860; x_wconf 87' lang='lat' dir='ltr'>Licet</span> <span class='ocrx_word' id='word_1_29' title='bbox 513 795 658 875; x_wconf 84' lang='lat' dir='ltr'>exceptio</span> <span class='ocrx_word' id='word_1_30' title='bbox 684 813 809 875; x_wconf 89' lang='lat' dir='ltr'>quoque</span> <span class='ocrx_word' id='word_1_31' title='bbox 832 794 958 858; x_wconf 89' lang='lat' dir='ltr'>dicatur</span> <span class='ocrx_word' id='word_1_32' title='bbox 989 792 1172 871; x_wconf 83' lang='lat' dir='ltr'>responsio,</span> <span class='ocrx_word' id='word_1_33' title='bbox 1203 811 1266 855; x_wconf 91' lang='lat' dir='ltr'>non</span> <span class='ocrx_word' id='word_1_34' title='bbox 1295 798 1403 858; x_wconf 91' lang='lat' dir='ltr'>tamen</span> <span class='ocrx_word' id='word_1_35' title='bbox 1438 814 1506 875; x_wconf 91' lang='lat' dir='ltr'>per</span> 
     </span>
     <span class='ocr_line' id='line_1_5' title="bbox 300 879 1504 961; baseline -0.003 -10"><span class='ocrx_word' id='word_1_36' title='bbox 300 904 371 951; x_wconf 89' lang='lat' dir='ltr'>eam</span> <span class='ocrx_word' id='word_1_37' title='bbox 396 883 435 947; x_wconf 89' lang='lat' dir='ltr'>de</span> <span class='ocrx_word' id='word_1_38' title='bbox 450 884 529 948; x_wconf 88' lang='lat' dir='ltr'>Jure</span> <span class='ocrx_word' id='word_1_39' title='bbox 544 883 711 947; x_wconf 76' lang='lat' dir='ltr'>Communi</span> <span class='ocrx_word' id='word_1_40' title='bbox 733 881 947 948; x_wconf 82' lang='lat' dir='ltr'>introducitur</span> <span class='ocrx_word' id='word_1_41' title='bbox 970 879 1034 942; x_wconf 88' lang='lat' dir='ltr'>litis</span> <span class='ocrx_word' id='word_1_42' title='bbox 1051 881 1251 945; x_wconf 85' lang='lat' dir='ltr'>contestatio.</span> <span class='ocrx_word' id='word_1_43' title='bbox 1266 881 1341 951; x_wconf 76' lang='lat' dir='ltr'>¹Sed</span> <span class='ocrx_word' id='word_1_44' title='bbox 1363 885 1504 961; x_wconf 89' lang='lat' dir='ltr'>quando</span> 
     </span>
     <span class='ocr_line' id='line_1_6' title="bbox 298 967 1506 1048; baseline -0.003 -9"><span class='ocrx_word' id='word_1_45' title='bbox 298 990 374 1039; x_wconf 90' lang='lat' dir='ltr'>reus</span> <span class='ocrx_word' id='word_1_46' title='bbox 407 976 560 1036; x_wconf 90' lang='lat' dir='ltr'>contenta</span> <span class='ocrx_word' id='word_1_47' title='bbox 593 971 626 1035; x_wconf 92' lang='lat' dir='ltr'>in</span> <span class='ocrx_word' id='word_1_48' title='bbox 656 971 762 1035; x_wconf 89' lang='lat' dir='ltr'>libello</span> <span class='ocrx_word' id='word_1_49' title='bbox 803 971 854 1034; x_wconf 90' lang='lat' dir='ltr'>vel</span> <span class='ocrx_word' id='word_1_50' title='bbox 884 968 1041 1045; x_wconf 88' lang='lat' dir='ltr'>affirmat,</span> <span class='ocrx_word' id='word_1_51' title='bbox 1073 967 1124 1031; x_wconf 90' lang='lat' dir='ltr'>vel</span> <span class='ocrx_word' id='word_1_52' title='bbox 1157 975 1273 1048; x_wconf 86' lang='lat' dir='ltr'>negat,</span> <span class='ocrx_word' id='word_1_53' title='bbox 1303 970 1343 1034; x_wconf 92' lang='lat' dir='ltr'>lis</span> <span class='ocrx_word' id='word_1_54' title='bbox 1374 972 1506 1035; x_wconf 89' lang='lat' dir='ltr'>dicitur</span> 
     </span>
     <span class='ocr_line' id='line_1_7' title="bbox 302 1064 491 1127; baseline -0.016 0"><span class='ocrx_word' id='word_1_55' title='bbox 302 1064 491 1127; x_wconf 90' lang='lat' dir='ltr'>contestato.</span> 
     </span>
    </p>

    <p class='ocr_par' dir='ltr' id='par_1_4' title="bbox 299 1142 1505 1491">
     <span class='ocr_line' id='line_1_8' title="bbox 397 1142 1505 1228; baseline -0.001 -18"><span class='ocrx_word' id='word_1_56' title='bbox 397 1147 553 1228; x_wconf 85' lang='lat' dir='ltr'>Exceptio</span> <span class='ocrx_word' id='word_1_57' title='bbox 577 1147 656 1211; x_wconf 90' lang='lat' dir='ltr'>nihil</span> <span class='ocrx_word' id='word_1_58' title='bbox 672 1147 758 1210; x_wconf 89' lang='lat' dir='ltr'>aliud</span> <span class='ocrx_word' id='word_1_59' title='bbox 774 1150 833 1224; x_wconf 90' lang='lat' dir='ltr'>est,</span> <span class='ocrx_word' id='word_1_60' title='bbox 851 1163 946 1225; x_wconf 88' lang='lat' dir='ltr'>quam</span> <span class='ocrx_word' id='word_1_61' title='bbox 963 1142 1097 1208; x_wconf 89' lang='lat' dir='ltr'>actionis</span> <span class='ocrx_word' id='word_1_62' title='bbox 1120 1144 1268 1208; x_wconf 88' lang='lat' dir='ltr'>exclusio.</span> <span class='ocrx_word' id='word_1_63' title='bbox 1294 1145 1376 1222; x_wconf 82' lang='lat' dir='ltr'>Quia</span> <span class='ocrx_word' id='word_1_64' title='bbox 1400 1147 1505 1212; x_wconf 87' lang='lat' dir='ltr'>sicuti</span> 
     </span>
     <span class='ocr_line' id='line_1_9' title="bbox 303 1233 1505 1313; baseline -0.002 -13"><span class='ocrx_word' id='word_1_65' title='bbox 303 1236 444 1300; x_wconf 90' lang='lat' dir='ltr'>actiones</span> <span class='ocrx_word' id='word_1_66' title='bbox 468 1240 541 1299; x_wconf 92' lang='lat' dir='ltr'>sunt</span> <span class='ocrx_word' id='word_1_67' title='bbox 565 1253 654 1299; x_wconf 88' lang='lat' dir='ltr'>arma</span> <span class='ocrx_word' id='word_1_68' title='bbox 677 1240 833 1313; x_wconf 90' lang='lat' dir='ltr'>actorum,</span> <span class='ocrx_word' id='word_1_69' title='bbox 856 1234 903 1297; x_wconf 88' lang='lat' dir='ltr'>ita</span> <span class='ocrx_word' id='word_1_70' title='bbox 927 1250 1052 1310; x_wconf 83' lang='lat' dir='ltr'>quoque</span> <span class='ocrx_word' id='word_1_71' title='bbox 1075 1233 1280 1312; x_wconf 75' lang='lat' dir='ltr'>exceptiones</span> <span class='ocrx_word' id='word_1_72' title='bbox 1303 1240 1377 1297; x_wconf 89' lang='lat' dir='ltr'>sunt</span> <span class='ocrx_word' id='word_1_73' title='bbox 1406 1255 1505 1298; x_wconf 88' lang='lat' dir='ltr'>arma</span> 
     </span>
     <span class='ocr_line' id='line_1_10' title="bbox 299 1320 1504 1402; baseline -0.002 -14"><span class='ocrx_word' id='word_1_74' title='bbox 299 1342 439 1401; x_wconf 88' lang='lat' dir='ltr'>reorum,</span> <span class='ocrx_word' id='word_1_75' title='bbox 471 1324 511 1386; x_wconf 88' lang='lat' dir='ltr'>ad</span> <span class='ocrx_word' id='word_1_76' title='bbox 535 1324 765 1387; x_wconf 89' lang='lat' dir='ltr'>excludendum</span> <span class='ocrx_word' id='word_1_77' title='bbox 794 1323 837 1402; x_wconf 89' lang='lat' dir='ltr'>id,</span> <span class='ocrx_word' id='word_1_78' title='bbox 862 1320 945 1400; x_wconf 88' lang='lat' dir='ltr'>quod</span> <span class='ocrx_word' id='word_1_79' title='bbox 969 1321 1002 1383; x_wconf 90' lang='lat' dir='ltr'>in</span> <span class='ocrx_word' id='word_1_80' title='bbox 1026 1320 1236 1384; x_wconf 90' lang='lat' dir='ltr'>intentionem</span> <span class='ocrx_word' id='word_1_81' title='bbox 1252 1322 1504 1388; x_wconf 89' lang='lat' dir='ltr'>condemnatio-</span> 
     </span>
     <span class='ocr_line' id='line_1_11' title="bbox 303 1397 1037 1491; baseline -0.007 -14"><span class='ocrx_word' id='word_1_82' title='bbox 303 1430 417 1477; x_wconf 88' lang='lat' dir='ltr'>nemve</span> <span class='ocrx_word' id='word_1_83' title='bbox 443 1411 616 1475; x_wconf 91' lang='lat' dir='ltr'>deductum</span> <span class='ocrx_word' id='word_1_84' title='bbox 640 1416 691 1474; x_wconf 88' lang='lat' dir='ltr'>est</span> <span class='ocrx_word' id='word_1_85' title='bbox 714 1401 734 1491; x_wconf 92' lang='lat'><em>(</em></span> <span class='ocrx_word' id='word_1_86' title='bbox 732 1412 771 1475; x_wconf 92' lang='lat' dir='ltr'>B.</span> <span class='ocrx_word' id='word_1_87' title='bbox 799 1409 848 1475; x_wconf 85' lang='lat'>12.</span> <span class='ocrx_word' id='word_1_88' title='bbox 874 1408 959 1472; x_wconf 81' lang='lat' dir='ltr'>Dtat</span> <span class='ocrx_word' id='word_1_89' title='bbox 985 1397 1037 1487; x_wconf 81' lang='lat'>2.)</span> 
     </span>
    </p>

    <p class='ocr_par' dir='ltr' id='par_1_5' title="bbox 304 1496 1508 2003">
     <span class='ocr_line' id='line_1_12' title="bbox 399 1496 1505 1580; baseline 0.001 -18"><span class='ocrx_word' id='word_1_90' title='bbox 399 1499 566 1563; x_wconf 89' lang='lat' dir='ltr'>Interdum</span> <span class='ocrx_word' id='word_1_91' title='bbox 580 1498 697 1580; x_wconf 90' lang='lat' dir='ltr'>evenit,</span> <span class='ocrx_word' id='word_1_92' title='bbox 715 1505 750 1562; x_wconf 93' lang='lat' dir='ltr'>ut</span> <span class='ocrx_word' id='word_1_93' title='bbox 765 1498 921 1578; x_wconf 80' lang='lat' dir='ltr'>exceptio,</span> <span class='ocrx_word' id='word_1_94' title='bbox 939 1514 1021 1575; x_wconf 91' lang='lat' dir='ltr'>quae</span> <span class='ocrx_word' id='word_1_95' title='bbox 1037 1496 1142 1576; x_wconf 89' lang='lat' dir='ltr'>prima</span> <span class='ocrx_word' id='word_1_96' title='bbox 1157 1496 1239 1561; x_wconf 86' lang='lat' dir='ltr'>facie</span> <span class='ocrx_word' id='word_1_97' title='bbox 1251 1497 1340 1576; x_wconf 85' lang='lat' dir='ltr'>justa</span> <span class='ocrx_word' id='word_1_98' title='bbox 1358 1499 1505 1577; x_wconf 87' lang='lat' dir='ltr'>videtur,</span> 
     </span>
     <span class='ocr_line' id='line_1_13' title="bbox 307 1584 1508 1667; baseline -0.002 -15"><span class='ocrx_word' id='word_1_99' title='bbox 307 1595 417 1652; x_wconf 90' lang='lat' dir='ltr'>tamen</span> <span class='ocrx_word' id='word_1_100' title='bbox 440 1587 547 1666; x_wconf 88' lang='lat' dir='ltr'>inique</span> <span class='ocrx_word' id='word_1_101' title='bbox 570 1591 703 1664; x_wconf 88' lang='lat' dir='ltr'>noceat;</span> <span class='ocrx_word' id='word_1_102' title='bbox 736 1587 821 1665; x_wconf 88' lang='lat' dir='ltr'>quod</span> <span class='ocrx_word' id='word_1_103' title='bbox 851 1604 922 1648; x_wconf 90' lang='lat' dir='ltr'>oum</span> <span class='ocrx_word' id='word_1_104' title='bbox 952 1584 1086 1662; x_wconf 89' lang='lat' dir='ltr'>accidit,</span> <span class='ocrx_word' id='word_1_105' title='bbox 1116 1584 1179 1648; x_wconf 88' lang='lat' dir='ltr'>alia</span> <span class='ocrx_word' id='word_1_106' title='bbox 1203 1585 1396 1665; x_wconf 79' lang='lat' dir='ltr'>allegatione</span> <span class='ocrx_word' id='word_1_107' title='bbox 1423 1605 1508 1667; x_wconf 90' lang='lat' dir='ltr'>opus</span> 
     </span>
     <span class='ocr_line' id='line_1_14' title="bbox 304 1673 1506 1755; baseline -0.002 -15"><span class='ocrx_word' id='word_1_108' title='bbox 304 1680 371 1754; x_wconf 90' lang='lat' dir='ltr'>est,</span> <span class='ocrx_word' id='word_1_109' title='bbox 396 1673 568 1754; x_wconf 88' lang='lat' dir='ltr'>adjuvandi</span> <span class='ocrx_word' id='word_1_110' title='bbox 592 1675 709 1739; x_wconf 92' lang='lat' dir='ltr'>actoris</span> <span class='ocrx_word' id='word_1_111' title='bbox 732 1673 848 1755; x_wconf 81' lang='lat' dir='ltr'>gratia,</span> <span class='ocrx_word' id='word_1_112' title='bbox 873 1691 955 1752; x_wconf 88' lang='lat' dir='ltr'>quae</span> <span class='ocrx_word' id='word_1_113' title='bbox 977 1673 1145 1753; x_wconf 86' lang='lat' dir='ltr'>replicatio</span> <span class='ocrx_word' id='word_1_114' title='bbox 1169 1680 1316 1752; x_wconf 90' lang='lat' dir='ltr'>vocatur,</span> <span class='ocrx_word' id='word_1_115' title='bbox 1340 1675 1418 1752; x_wconf 88' lang='lat' dir='ltr'>quia</span> <span class='ocrx_word' id='word_1_116' title='bbox 1444 1694 1506 1755; x_wconf 90' lang='lat' dir='ltr'>per</span> 
     </span>
     <span class='ocr_line' id='line_1_15' title="bbox 306 1759 1504 1842; baseline 0 -15"><span class='ocrx_word' id='word_1_117' title='bbox 306 1781 376 1827; x_wconf 88' lang='lat' dir='ltr'>eam</span> <span class='ocrx_word' id='word_1_118' title='bbox 401 1763 578 1842; x_wconf 88' lang='lat' dir='ltr'>replicatur</span> <span class='ocrx_word' id='word_1_119' title='bbox 594 1767 690 1842; x_wconf 91' lang='lat' dir='ltr'>atque</span> <span class='ocrx_word' id='word_1_120' title='bbox 708 1762 882 1834; x_wconf 81' lang='lat' dir='ltr'>resoluitur</span> <span class='ocrx_word' id='word_1_121' title='bbox 894 1759 947 1840; x_wconf 90' lang='lat' dir='ltr'>jus</span> <span class='ocrx_word' id='word_1_122' title='bbox 963 1759 1170 1840; x_wconf 90' lang='lat' dir='ltr'>exceptionis.</span> <span class='ocrx_word' id='word_1_123' title='bbox 1193 1760 1238 1824; x_wconf 86' lang='lat' dir='ltr'>Et</span> <span class='ocrx_word' id='word_1_124' title='bbox 1253 1762 1278 1824; x_wconf 93' lang='lat' dir='ltr'>si</span> <span class='ocrx_word' id='word_1_125' title='bbox 1294 1761 1374 1826; x_wconf 92' lang='lat' dir='ltr'>haec</span> <span class='ocrx_word' id='word_1_126' title='bbox 1388 1763 1504 1842; x_wconf 89' lang='lat' dir='ltr'>inique</span> 
     </span>
     <span class='ocr_line' id='line_1_16' title="bbox 305 1849 1504 1930; baseline -0.002 -15"><span class='ocrx_word' id='word_1_127' title='bbox 305 1855 421 1916; x_wconf 89' lang='lat' dir='ltr'>noceat</span> <span class='ocrx_word' id='word_1_128' title='bbox 443 1869 510 1930; x_wconf 86' lang='lat' dir='ltr'>reo,</span> <span class='ocrx_word' id='word_1_129' title='bbox 528 1853 624 1916; x_wconf 88' lang='lat' dir='ltr'>datur</span> <span class='ocrx_word' id='word_1_130' title='bbox 640 1852 671 1914; x_wconf 92' lang='lat' dir='ltr'>ei</span> <span class='ocrx_word' id='word_1_131' title='bbox 687 1849 873 1930; x_wconf 86' lang='lat' dir='ltr'>duplicatio,</span> <span class='ocrx_word' id='word_1_132' title='bbox 898 1854 931 1914; x_wconf 92' lang='lat' dir='ltr'>et</span> <span class='ocrx_word' id='word_1_133' title='bbox 947 1850 1048 1913; x_wconf 91' lang='lat' dir='ltr'>actori</span> <span class='ocrx_word' id='word_1_134' title='bbox 1071 1849 1255 1928; x_wconf 87' lang='lat' dir='ltr'>triplicatio,</span> <span class='ocrx_word' id='word_1_135' title='bbox 1279 1867 1317 1914; x_wconf 89' lang='lat' dir='ltr'>ao</span> <span class='ocrx_word' id='word_1_136' title='bbox 1335 1851 1504 1916; x_wconf 90' lang='lat' dir='ltr'>interdum</span> 
     </span>
     <span class='ocr_line' id='line_1_17' title="bbox 306 1939 451 2003; baseline -0.021 -1"><span class='ocrx_word' id='word_1_137' title='bbox 306 1939 451 2003; x_wconf 89' lang='lat' dir='ltr'>ulterius.</span> 
     </span>
    </p>

    <p class='ocr_par' dir='ltr' id='par_1_6' title="bbox 303 2025 1503 2372">
     <span class='ocr_line' id='line_1_18' title="bbox 400 2025 1502 2107; baseline 0.001 -17"><span class='ocrx_word' id='word_1_138' title='bbox 400 2025 502 2103; x_wconf 83' lang='lat' dir='ltr'>Quum</span> <span class='ocrx_word' id='word_1_139' title='bbox 519 2043 594 2091; x_wconf 88' lang='lat' dir='ltr'>reus</span> <span class='ocrx_word' id='word_1_140' title='bbox 610 2027 798 2107; x_wconf 77' lang='lat' dir='ltr'>excipiendo</span> <span class='ocrx_word' id='word_1_141' title='bbox 815 2025 871 2090; x_wconf 88' lang='lat' dir='ltr'>fiat</span> <span class='ocrx_word' id='word_1_142' title='bbox 888 2029 988 2104; x_wconf 90' lang='lat' dir='ltr'>actor,</span> <span class='ocrx_word' id='word_1_143' title='bbox 1005 2042 1094 2088; x_wconf 90' lang='lat' dir='ltr'>suam</span> <span class='ocrx_word' id='word_1_144' title='bbox 1119 2028 1337 2103; x_wconf 86' lang='lat' dir='ltr'>exceptionem</span> <span class='ocrx_word' id='word_1_145' title='bbox 1355 2028 1502 2106; x_wconf 88' lang='lat' dir='ltr'>probare</span> 
     </span>
     <span class='ocr_line' id='line_1_19' title="bbox 305 2108 1503 2193; baseline 0 -15"><span class='ocrx_word' id='word_1_146' title='bbox 305 2118 444 2193; x_wconf 79' lang='lat' dir='ltr'>tenetur,</span> <span class='ocrx_word' id='word_1_147' title='bbox 469 2115 529 2179; x_wconf 91' lang='lat' dir='ltr'>nisi</span> <span class='ocrx_word' id='word_1_148' title='bbox 545 2113 694 2179; x_wconf 90' lang='lat' dir='ltr'>mulctari</span> <span class='ocrx_word' id='word_1_149' title='bbox 710 2114 787 2178; x_wconf 91' lang='lat' dir='ltr'>velit</span> <span class='ocrx_word' id='word_1_150' title='bbox 804 2114 913 2178; x_wconf 89' lang='lat' dir='ltr'>decem</span> <span class='ocrx_word' id='word_1_151' title='bbox 931 2114 1099 2192; x_wconf 84' lang='lat' dir='ltr'>sexagenis</span> <span class='ocrx_word' id='word_1_152' title='bbox 1116 2130 1298 2192; x_wconf 85' lang='lat' dir='ltr'>grossorum</span> <span class='ocrx_word' id='word_1_153' title='bbox 1323 2108 1503 2191; x_wconf 74' lang='lat' dir='ltr'>(statuente</span> 
     </span>
     <span class='ocr_line' id='line_1_20' title="bbox 303 2201 1501 2372; baseline 0 -106"><span class='ocrx_word' id='word_1_154' title='bbox 303 2203 352 2266; x_wconf 81' lang='lat' dir='ltr'>oo&#39;c</span> <span class='ocrx_word' id='word_1_155' title='bbox 375 2211 493 2271; x_wconf 78' lang='lat' dir='ltr'>stolato</span> <span class='ocrx_word' id='word_1_156' title='bbox 516 2203 673 2372; x_wconf 53' lang='lat' dir='ltr'>cojnito&#39;alo&#39;</span> <span class='ocrx_word' id='word_1_157' title='bbox 694 2210 821 2286; x_wconf 79' lang='lat' dir='ltr'>recepto</span> <span class='ocrx_word' id='word_1_158' title='bbox 843 2201 877 2265; x_wconf 82' lang='lat' dir='ltr'>in</span> <span class='ocrx_word' id='word_1_159' title='bbox 901 2201 1069 2264; x_wconf 80' lang='lat' dir='ltr'>celebratis</span> <span class='ocrx_word' id='word_1_160' title='bbox 1096 2201 1233 2266; x_wconf 73' lang='lat' dir='ltr'>comitiis</span> <span class='ocrx_word' id='word_1_161' title='bbox 1257 2225 1339 2266; x_wconf 85' lang='lat' dir='ltr'>anno</span> <span class='ocrx_word' id='word_1_162' title='bbox 1363 2203 1501 2266; x_wconf 76' lang='lat' dir='ltr'>Domini</span> 
     </span>
    </p>

    <p class='ocr_par' dir='ltr' id='par_1_7' title="bbox 304 2368 1500 2810">
     <span class='ocr_line' id='line_1_21' title="bbox 401 2368 1494 2460; baseline 0.002 -18"><span class='ocrx_word' id='word_1_163' title='bbox 401 2379 470 2442; x_wconf 88' lang='lat' dir='ltr'>Hoc</span> <span class='ocrx_word' id='word_1_164' title='bbox 494 2383 650 2443; x_wconf 89' lang='lat' dir='ltr'>statutum</span> <span class='ocrx_word' id='word_1_165' title='bbox 674 2368 848 2460; x_wconf 83' lang='lat' dir='ltr'>praecipue</span> <span class='ocrx_word' id='word_1_166' title='bbox 865 2377 1056 2458; x_wconf 84' lang='lat' dir='ltr'>intelligitur</span> <span class='ocrx_word' id='word_1_167' title='bbox 1071 2378 1111 2442; x_wconf 91' lang='lat' dir='ltr'>de</span> <span class='ocrx_word' id='word_1_168' title='bbox 1135 2375 1183 2456; x_wconf 87' lang='lat' dir='ltr'>iis,</span> <span class='ocrx_word' id='word_1_169' title='bbox 1209 2377 1262 2455; x_wconf 88' lang='lat' dir='ltr'>qui</span> <span class='ocrx_word' id='word_1_170' title='bbox 1286 2379 1350 2443; x_wconf 88' lang='lat' dir='ltr'>suis</span> <span class='ocrx_word' id='word_1_171' title='bbox 1375 2397 1494 2458; x_wconf 87' lang='lat' dir='ltr'>excep-</span> 
     </span>
     <span class='ocr_line' id='line_1_22' title="bbox 304 2463 1497 2549; baseline 0 -20"><span class='ocrx_word' id='word_1_172' title='bbox 304 2467 443 2532; x_wconf 84' lang='lat' dir='ltr'>tionibus</span> <span class='ocrx_word' id='word_1_173' title='bbox 478 2485 541 2530; x_wconf 93' lang='lat' dir='ltr'>non</span> <span class='ocrx_word' id='word_1_174' title='bbox 565 2467 663 2531; x_wconf 91' lang='lat' dir='ltr'>solum</span> <span class='ocrx_word' id='word_1_175' title='bbox 687 2468 773 2549; x_wconf 88' lang='lat' dir='ltr'>parti</span> <span class='ocrx_word' id='word_1_176' title='bbox 788 2468 965 2546; x_wconf 87' lang='lat' dir='ltr'>advorsae,</span> <span class='ocrx_word' id='word_1_177' title='bbox 991 2466 1104 2530; x_wconf 90' lang='lat' dir='ltr'>sedet</span> <span class='ocrx_word' id='word_1_178' title='bbox 1126 2463 1227 2544; x_wconf 88' lang='lat' dir='ltr'>judici</span> <span class='ocrx_word' id='word_1_179' title='bbox 1261 2485 1320 2545; x_wconf 88' lang='lat' dir='ltr'>per</span> <span class='ocrx_word' id='word_1_180' title='bbox 1349 2465 1497 2531; x_wconf 90' lang='lat' dir='ltr'>fraudem</span> 
     </span>
     <span class='ocr_line' id='line_1_23' title="bbox 309 2546 1500 2634; baseline 0 -18"><span class='ocrx_word' id='word_1_181' title='bbox 309 2573 346 2617; x_wconf 91' lang='lat' dir='ltr'>ac</span> <span class='ocrx_word' id='word_1_182' title='bbox 370 2553 474 2618; x_wconf 91' lang='lat' dir='ltr'>dolum</span> <span class='ocrx_word' id='word_1_183' title='bbox 499 2555 629 2634; x_wconf 84' lang='lat' dir='ltr'>negotia</span> <span class='ocrx_word' id='word_1_184' title='bbox 652 2555 823 2621; x_wconf 85' lang='lat' dir='ltr'>lacessunt.</span> <span class='ocrx_word' id='word_1_185' title='bbox 848 2546 964 2627; x_wconf 84' lang='lat' dir='ltr'>(Fraus</span> <span class='ocrx_word' id='word_1_186' title='bbox 988 2554 1073 2618; x_wconf 87' lang='lat' dir='ltr'>eninr</span> <span class='ocrx_word' id='word_1_187' title='bbox 1097 2557 1131 2617; x_wconf 91' lang='lat' dir='ltr'>et</span> <span class='ocrx_word' id='word_1_188' title='bbox 1154 2553 1243 2618; x_wconf 93' lang='lat' dir='ltr'>dolus</span> <span class='ocrx_word' id='word_1_189' title='bbox 1266 2555 1385 2618; x_wconf 91' lang='lat' dir='ltr'>nemini</span> <span class='ocrx_word' id='word_1_190' title='bbox 1400 2555 1500 2620; x_wconf 91' lang='lat' dir='ltr'>debet</span> 
     </span>
     <span class='ocr_line' id='line_1_24' title="bbox 306 2635 1499 2723; baseline 0.001 -19"><span class='ocrx_word' id='word_1_191' title='bbox 306 2635 532 2721; x_wconf 86' lang='lat' dir='ltr'>patrocinari.)</span> <span class='ocrx_word' id='word_1_192' title='bbox 556 2644 632 2708; x_wconf 90' lang='lat' dir='ltr'>Ideo</span> <span class='ocrx_word' id='word_1_193' title='bbox 657 2646 711 2722; x_wconf 92' lang='lat' dir='ltr'>qui</span> <span class='ocrx_word' id='word_1_194' title='bbox 735 2662 769 2708; x_wconf 90' lang='lat' dir='ltr'>se</span> <span class='ocrx_word' id='word_1_195' title='bbox 793 2643 937 2723; x_wconf 79' lang='lat' dir='ltr'>legitima</span> <span class='ocrx_word' id='word_1_196' title='bbox 961 2643 1147 2722; x_wconf 90' lang='lat' dir='ltr'>exceptione</span> <span class='ocrx_word' id='word_1_197' title='bbox 1176 2641 1346 2706; x_wconf 87' lang='lat' dir='ltr'>defendere</span> <span class='ocrx_word' id='word_1_198' title='bbox 1375 2645 1499 2718; x_wconf 87' lang='lat' dir='ltr'>nititur,</span> 
     </span>
     <span class='ocr_line' id='line_1_25' title="bbox 309 2731 1143 2810; baseline 0 -18"><span class='ocrx_word' id='word_1_199' title='bbox 309 2747 370 2792; x_wconf 92' lang='lat' dir='ltr'>non</span> <span class='ocrx_word' id='word_1_200' title='bbox 394 2731 522 2794; x_wconf 89' lang='lat' dir='ltr'>videtur</span> <span class='ocrx_word' id='word_1_201' title='bbox 544 2731 575 2795; x_wconf 95' lang='lat' dir='ltr'>in</span> <span class='ocrx_word' id='word_1_202' title='bbox 599 2732 746 2796; x_wconf 90' lang='lat' dir='ltr'>fraudem</span> <span class='ocrx_word' id='word_1_203' title='bbox 771 2732 851 2810; x_wconf 80' lang='lat' dir='ltr'>legis</span> <span class='ocrx_word' id='word_1_204' title='bbox 876 2749 947 2795; x_wconf 92' lang='lat' dir='ltr'>eam</span> <span class='ocrx_word' id='word_1_205' title='bbox 970 2748 1143 2810; x_wconf 90' lang='lat' dir='ltr'>opponere.</span> 
     </span>
    </p>
   </div>
   <div class='ocr_carea' id='block_1_3' title="bbox 308 2854 1499 3421">
    <p class='ocr_par' dir='ltr' id='par_1_8' title="bbox 310 2854 1497 2994">
     <span class='ocr_line' id='line_1_26' title="bbox 405 2854 1497 2923; baseline -0.001 -16"><span class='ocrx_word' id='word_1_206' title='bbox 405 2856 495 2908; x_wconf 85' lang='lat' dir='ltr'>Causa</span> <span class='ocrx_word' id='word_1_207' title='bbox 514 2855 634 2910; x_wconf 86' lang='lat' dir='ltr'>efficiens</span> <span class='ocrx_word' id='word_1_208' title='bbox 655 2857 839 2923; x_wconf 84' lang='lat' dir='ltr'>exceptionem</span> <span class='ocrx_word' id='word_1_209' title='bbox 859 2862 989 2922; x_wconf 83' lang='lat' dir='ltr'>ostreae,</span> <span class='ocrx_word' id='word_1_210' title='bbox 1017 2855 1061 2921; x_wconf 90' lang='lat' dir='ltr'>qui</span> <span class='ocrx_word' id='word_1_211' title='bbox 1080 2869 1139 2906; x_wconf 88' lang='lat' dir='ltr'>eam</span> <span class='ocrx_word' id='word_1_212' title='bbox 1159 2870 1192 2906; x_wconf 87' lang='lat' dir='ltr'>ex</span> <span class='ocrx_word' id='word_1_213' title='bbox 1211 2854 1388 2920; x_wconf 89' lang='lat' dir='ltr'>dispositione</span> <span class='ocrx_word' id='word_1_214' title='bbox 1407 2855 1497 2923; x_wconf 89' lang='lat' dir='ltr'>legum</span> 
     </span>
     <span class='ocr_line' id='line_1_27' title="bbox 310 2927 432 2994; baseline 0 -14"><span class='ocrx_word' id='word_1_215' title='bbox 310 2927 432 2994; x_wconf 89' lang='lat' dir='ltr'>opponit.</span> 
     </span>
    </p>

    <p class='ocr_par' dir='ltr' id='par_1_9' title="bbox 309 2997 1499 3135">
     <span class='ocr_line' id='line_1_28' title="bbox 406 2997 1499 3067; baseline -0.004 -17"><span class='ocrx_word' id='word_1_216' title='bbox 406 2997 560 3064; x_wconf 81' lang='lat' dir='ltr'>Subjectum</span> <span class='ocrx_word' id='word_1_217' title='bbox 587 3005 628 3051; x_wconf 86' lang='lat' dir='ltr'>est</span> <span class='ocrx_word' id='word_1_218' title='bbox 649 2999 704 3067; x_wconf 83' lang='lat' dir='ltr'>jue,</span> <span class='ocrx_word' id='word_1_219' title='bbox 733 3016 778 3052; x_wconf 89' lang='lat' dir='ltr'>reo</span> <span class='ocrx_word' id='word_1_220' title='bbox 808 2998 937 3052; x_wconf 90' lang='lat' dir='ltr'>adversus</span> <span class='ocrx_word' id='word_1_221' title='bbox 957 3002 1075 3050; x_wconf 90' lang='lat' dir='ltr'>actorem</span> <span class='ocrx_word' id='word_1_222' title='bbox 1101 3003 1242 3064; x_wconf 83' lang='lat' dir='ltr'>expecto,</span> <span class='ocrx_word' id='word_1_223' title='bbox 1269 2997 1455 3050; x_wconf 84' lang='lat' dir='ltr'>transactione</span> <span class='ocrx_word' id='word_1_224' title='bbox 1474 3001 1499 3048; x_wconf 89' lang='lat' dir='ltr'>et</span> 
     </span>
     <span class='ocr_line' id='line_1_29' title="bbox 309 3063 625 3135; baseline 0.003 -12"><span class='ocrx_word' id='word_1_225' title='bbox 309 3063 442 3123; x_wconf 87' lang='lat' dir='ltr'>similibus</span> <span class='ocrx_word' id='word_1_226' title='bbox 461 3075 625 3135; x_wconf 77' lang='lat' dir='ltr'>competens</span> 
     </span>
    </p>

    <p class='ocr_par' dir='ltr' id='par_1_10' title="bbox 407 3138 1314 3208">
     <span class='ocr_line' id='line_1_30' title="bbox 407 3138 1314 3208; baseline -0.001 -13"><span class='ocrx_word' id='word_1_227' title='bbox 407 3141 547 3207; x_wconf 88' lang='lat' dir='ltr'>Objectum</span> <span class='ocrx_word' id='word_1_228' title='bbox 568 3148 609 3194; x_wconf 88' lang='grc' dir='ltr'>θεῖ</span> <span class='ocrx_word' id='word_1_229' title='bbox 627 3143 741 3195; x_wconf 86' lang='lat' dir='ltr'>intentio</span> <span class='ocrx_word' id='word_1_230' title='bbox 762 3141 870 3208; x_wconf 87' lang='lat' dir='ltr'>actoris,</span> <span class='ocrx_word' id='word_1_231' title='bbox 889 3141 916 3193; x_wconf 94' lang='lat' dir='ltr'>in</span> <span class='ocrx_word' id='word_1_232' title='bbox 935 3138 1025 3194; x_wconf 89' lang='lat' dir='ltr'>libello</span> <span class='ocrx_word' id='word_1_233' title='bbox 1047 3140 1215 3193; x_wconf 88' lang='lat' dir='ltr'>accusatorio</span> <span class='ocrx_word' id='word_1_234' title='bbox 1235 3141 1314 3194; x_wconf 89' lang='lat' dir='ltr'>edita.</span> 
     </span>
    </p>

    <p class='ocr_par' dir='ltr' id='par_1_11' title="bbox 405 3211 1390 3280">
     <span class='ocr_line' id='line_1_31' title="bbox 405 3211 1390 3280; baseline -0.001 -15"><span class='ocrx_word' id='word_1_235' title='bbox 405 3215 505 3266; x_wconf 89' lang='lat' dir='ltr'>Forma</span> <span class='ocrx_word' id='word_1_236' title='bbox 525 3217 574 3280; x_wconf 87' lang='lat' dir='ltr'>est,</span> <span class='ocrx_word' id='word_1_237' title='bbox 593 3219 623 3265; x_wconf 87' lang='lat' dir='ltr'>ut</span> <span class='ocrx_word' id='word_1_238' title='bbox 643 3220 708 3266; x_wconf 89' lang='lat' dir='ltr'>ante</span> <span class='ocrx_word' id='word_1_239' title='bbox 728 3213 782 3265; x_wconf 87' lang='lat' dir='ltr'>litis</span> <span class='ocrx_word' id='word_1_240' title='bbox 803 3212 1027 3265; x_wconf 87' lang='lat' dir='ltr'>contestationem</span> <span class='ocrx_word' id='word_1_241' title='bbox 1041 3211 1208 3276; x_wconf 83' lang='lat' dir='ltr'>judicialiter</span> <span class='ocrx_word' id='word_1_242' title='bbox 1227 3217 1390 3278; x_wconf 89' lang='lat' dir='ltr'>opponatur.</span> 
     </span>
    </p>

    <p class='ocr_par' dir='ltr' id='par_1_12' title="bbox 308 3281 1489 3421">
     <span class='ocr_line' id='line_1_32' title="bbox 406 3281 1489 3354; baseline -0.003 -18"><span class='ocrx_word' id='word_1_243' title='bbox 406 3285 482 3336; x_wconf 87' lang='lat' dir='ltr'>Finis</span> <span class='ocrx_word' id='word_1_244' title='bbox 502 3288 552 3354; x_wconf 84' lang='lat' dir='ltr'>est,</span> <span class='ocrx_word' id='word_1_245' title='bbox 575 3291 606 3336; x_wconf 92' lang='lat' dir='ltr'>ut</span> <span class='ocrx_word' id='word_1_246' title='bbox 628 3284 661 3336; x_wconf 90' lang='lat' dir='ltr'>lis</span> <span class='ocrx_word' id='word_1_247' title='bbox 680 3285 706 3336; x_wconf 93' lang='lat' dir='ltr'>in</span> <span class='ocrx_word' id='word_1_248' title='bbox 722 3285 852 3352; x_wconf 84' lang='lat' dir='ltr'>judicium</span> <span class='ocrx_word' id='word_1_249' title='bbox 873 3283 991 3336; x_wconf 87' lang='lat' dir='ltr'>deducta</span> <span class='ocrx_word' id='word_1_250' title='bbox 1012 3283 1053 3336; x_wconf 88' lang='lat' dir='ltr'>vel</span> <span class='ocrx_word' id='word_1_251' title='bbox 1075 3281 1223 3350; x_wconf 88' lang='lat' dir='ltr'>differatur,</span> <span class='ocrx_word' id='word_1_252' title='bbox 1248 3282 1291 3335; x_wconf 88' lang='lat' dir='ltr'>vel</span> <span class='ocrx_word' id='word_1_253' title='bbox 1310 3282 1489 3337; x_wconf 85' lang='lat' dir='ltr'>transferatur</span> 
     </span>
     <span class='ocr_line' id='line_1_33' title="bbox 308 3356 676 3421; baseline 0.005 -13"><span class='ocrx_word' id='word_1_254' title='bbox 308 3357 349 3408; x_wconf 84' lang='lat' dir='ltr'>vel</span> <span class='ocrx_word' id='word_1_255' title='bbox 368 3356 395 3408; x_wconf 87' lang='lat' dir='ltr'>in</span> <span class='ocrx_word' id='word_1_256' title='bbox 415 3361 501 3408; x_wconf 92' lang='lat' dir='ltr'>totum</span> <span class='ocrx_word' id='word_1_257' title='bbox 520 3356 676 3421; x_wconf 88' lang='lat' dir='ltr'>perimatur.</span> 
     </span>
    </p>
   </div>
   <div class='ocr_carea' id='block_1_4' title="bbox 307 3477 1579 3648">
    <p class='ocr_par' dir='ltr' id='par_1_13' title="bbox 307 3477 1579 3648">
     <span class='ocr_line' id='line_1_34' title="bbox 410 3477 1494 3558; baseline -0.007 -14"><span class='ocrx_word' id='word_1_258' title='bbox 410 3479 531 3544; x_wconf 90' lang='lat' dir='ltr'>Omnes</span> <span class='ocrx_word' id='word_1_259' title='bbox 556 3480 763 3558; x_wconf 88' lang='lat' dir='ltr'>exceptiones</span> <span class='ocrx_word' id='word_1_260' title='bbox 780 3498 818 3543; x_wconf 91' lang='lat' dir='ltr'>ex</span> <span class='ocrx_word' id='word_1_261' title='bbox 837 3477 911 3555; x_wconf 82' lang='lat' dir='ltr'>jure</span> <span class='ocrx_word' id='word_1_262' title='bbox 927 3480 1036 3542; x_wconf 89' lang='lat' dir='ltr'>nostro</span> <span class='ocrx_word' id='word_1_263' title='bbox 1062 3481 1135 3540; x_wconf 81' lang='lat' dir='ltr'>ants</span> <span class='ocrx_word' id='word_1_264' title='bbox 1151 3477 1216 3541; x_wconf 89' lang='lat' dir='ltr'>litis</span> <span class='ocrx_word' id='word_1_265' title='bbox 1235 3479 1494 3543; x_wconf 90' lang='lat' dir='ltr'>contestationem</span> 
     </span>
     <span class='ocr_line' id='line_1_35' title="bbox 307 3557 1579 3648; baseline -0.006 -16"><span class='ocrx_word' id='word_1_266' title='bbox 307 3573 513 3648; x_wconf 88' lang='lat' dir='ltr'>apponuntur</span> <span class='ocrx_word' id='word_1_267' title='bbox 539 3558 559 3647; x_wconf 92' lang='lat'><em>(</em></span> <span class='ocrx_word' id='word_1_268' title='bbox 559 3569 599 3631; x_wconf 90' lang='lat' dir='ltr'>B.</span> <span class='ocrx_word' id='word_1_269' title='bbox 620 3567 671 3630; x_wconf 80' lang='lat'>12.</span> <span class='ocrx_word' id='word_1_270' title='bbox 690 3567 778 3631; x_wconf 75' lang='lat' dir='ltr'>Dico.</span> <span class='ocrx_word' id='word_1_271' title='bbox 795 3568 825 3631; x_wconf 82' lang='lat'>5.</span> <span class='ocrx_word' id='word_1_272' title='bbox 827 3557 857 3647; x_wconf 88' lang='lat'>),</span> <span class='ocrx_word' id='word_1_273' title='bbox 887 3565 961 3630; x_wconf 90' lang='lat' dir='ltr'>licet</span> <span class='ocrx_word' id='word_1_274' title='bbox 985 3564 1024 3628; x_wconf 91' lang='lat' dir='ltr'>de</span> <span class='ocrx_word' id='word_1_275' title='bbox 1048 3565 1126 3628; x_wconf 84' lang='lat' dir='ltr'>June</span> <span class='ocrx_word' id='word_1_276' title='bbox 1150 3565 1317 3629; x_wconf 86' lang='lat' dir='ltr'>Communi</span> <span class='ocrx_word' id='word_1_277' title='bbox 1341 3567 1494 3644; x_wconf 88' lang='lat' dir='ltr'>quaedam</span> <span class='ocrx_word' id='word_1_278' title='bbox 1578 3633 1579 3638; x_wconf 6' lang='grc' dir='ltr'>ἵ</span> 
     </span>
    </p>
   </div>
   <div class='ocr_carea' id='block_1_5' title="bbox 308 3655 1579 4414">
    <p class='ocr_par' dir='ltr' id='par_1_14' title="bbox 308 3641 1579 4414">
     <span class='ocr_line' id='line_1_36' title="bbox 308 3655 969 3736; baseline -0.006 -17"><span class='ocrx_word' id='word_1_279' title='bbox 308 3661 392 3736; x_wconf 90' lang='lat' dir='ltr'>ante,</span> <span class='ocrx_word' id='word_1_280' title='bbox 417 3655 576 3736; x_wconf 88' lang='lat' dir='ltr'>quaedam</span> <span class='ocrx_word' id='word_1_281' title='bbox 602 3660 675 3735; x_wconf 91' lang='lat' dir='ltr'>post</span> <span class='ocrx_word' id='word_1_282' title='bbox 698 3655 813 3734; x_wconf 93' lang='lat' dir='ltr'>opponi</span> <span class='ocrx_word' id='word_1_283' title='bbox 837 3655 969 3734; x_wconf 88' lang='lat' dir='ltr'>possint.</span> 
     </span>
     <span class='ocr_line' id='line_1_37' title="bbox 600 3753 1579 3846; baseline 0 -16"><span class='ocrx_word' id='word_1_284' title='bbox 600 3777 769 3845; x_wconf 89' lang='lat' dir='ltr'>affirmando,</span> <span class='ocrx_word' id='word_1_285' title='bbox 789 3794 836 3830; x_wconf 84' lang='lat' dir='ltr'>eeu</span> <span class='ocrx_word' id='word_1_286' title='bbox 857 3778 883 3831; x_wconf 91' lang='lat' dir='ltr'>id</span> <span class='ocrx_word' id='word_1_287' title='bbox 905 3777 975 3845; x_wconf 90' lang='lat' dir='ltr'>quod</span> <span class='ocrx_word' id='word_1_288' title='bbox 1000 3777 1027 3829; x_wconf 92' lang='lat' dir='ltr'>in</span> <span class='ocrx_word' id='word_1_289' title='bbox 1043 3778 1175 3844; x_wconf 87' lang='lat' dir='ltr'>judicium</span> <span class='ocrx_word' id='word_1_290' title='bbox 1195 3779 1338 3832; x_wconf 87' lang='lat' dir='ltr'>deductum</span> <span class='ocrx_word' id='word_1_291' title='bbox 1359 3785 1409 3846; x_wconf 88' lang='lat' dir='ltr'>est,</span> <span class='ocrx_word' id='word_1_292' title='bbox 1436 3794 1495 3832; x_wconf 92' lang='lat' dir='ltr'>con·</span> <span class='ocrx_word' id='word_1_293' title='bbox 1578 3753 1579 3804; x_wconf 48' lang='lat' dir='ltr'>i</span> 
     </span>
     <span class='ocr_line' id='line_1_38' title="bbox 652 3847 1493 3974; baseline 0.001 -74"><span class='ocrx_word' id='word_1_294' title='bbox 652 3848 765 3974; x_wconf 48' lang='grc' dir='ltr'>ῖίὅθηίἀοὲ</span> <span class='ocrx_word' id='word_1_295' title='bbox 780 3850 810 3900; x_wconf 95' lang='lat' dir='ltr'>ln</span> <span class='ocrx_word' id='word_1_296' title='bbox 828 3866 879 3916; x_wconf 87' lang='lat' dir='ltr'>quo</span> <span class='ocrx_word' id='word_1_297' title='bbox 900 3865 965 3902; x_wconf 88' lang='lat' dir='ltr'>casu</span> <span class='ocrx_word' id='word_1_298' title='bbox 988 3849 1064 3902; x_wconf 89' lang='lat' dir='ltr'>locus</span> <span class='ocrx_word' id='word_1_299' title='bbox 1089 3857 1130 3903; x_wconf 89' lang='grc' dir='ltr'>θεῖ</span> <span class='ocrx_word' id='word_1_300' title='bbox 1152 3851 1368 3904; x_wconf 86' lang='lat' dir='ltr'>condemnationi</span> <span class='ocrx_word' id='word_1_301' title='bbox 1387 3849 1432 3915; x_wconf 85' lang='grc' dir='ltr'>(Β.</span> <span class='ocrx_word' id='word_1_302' title='bbox 1451 3847 1493 3903; x_wconf 88' lang='grc'>36.</span> 
     </span>
     <span class='ocr_line' id='line_1_39' title="bbox 598 3924 1579 4061; baseline -0.001 -17"><span class='ocrx_word' id='word_1_303' title='bbox 598 3937 732 4059; x_wconf 39' lang='lat' dir='ltr'>degeneris,</span> <span class='ocrx_word' id='word_1_304' title='bbox 752 3924 780 4043; x_wconf 60' lang='lat' dir='ltr'>iri</span> <span class='ocrx_word' id='word_1_305' title='bbox 798 4008 850 4058; x_wconf 90' lang='lat' dir='ltr'>quo</span> <span class='ocrx_word' id='word_1_306' title='bbox 865 4007 929 4043; x_wconf 89' lang='lat' dir='ltr'>casu</span> <span class='ocrx_word' id='word_1_307' title='bbox 944 3996 1019 4043; x_wconf 89' lang='lat' dir='ltr'>actor</span> <span class='ocrx_word' id='word_1_308' title='bbox 1032 3993 1143 4059; x_wconf 72' lang='lat' dir='ltr'>probat,</span> <span class='ocrx_word' id='word_1_309' title='bbox 1164 3993 1188 4046; x_wconf 90' lang='lat' dir='ltr'>ei</span> <span class='ocrx_word' id='word_1_310' title='bbox 1202 3995 1270 4046; x_wconf 90' lang='lat' dir='ltr'>enim</span> <span class='ocrx_word' id='word_1_311' title='bbox 1291 3993 1424 4061; x_wconf 71' lang='lat' dir='ltr'>quiduis,</span> <span class='ocrx_word' id='word_1_312' title='bbox 1443 4006 1492 4044; x_wconf 91' lang='lat' dir='ltr'>non</span> <span class='ocrx_word' id='word_1_313' title='bbox 1578 3959 1579 3962; x_wconf 8' lang='grc' dir='ltr'><strong>Ἴ</strong></span> 
     </span>
     <span class='ocr_line' id='line_1_40' title="bbox 652 4061 1491 4130; baseline -0.002 -16"><span class='ocrx_word' id='word_1_314' title='bbox 652 4064 697 4130; x_wconf 87' lang='lat' dir='ltr'>qui</span> <span class='ocrx_word' id='word_1_315' title='bbox 709 4069 800 4130; x_wconf 85' lang='lat' dir='ltr'>negat,</span> <span class='ocrx_word' id='word_1_316' title='bbox 813 4063 942 4115; x_wconf 89' lang='lat' dir='ltr'>incumbit</span> <span class='ocrx_word' id='word_1_317' title='bbox 953 4063 1101 4116; x_wconf 87' lang='lat' dir='ltr'>necessitas</span> <span class='ocrx_word' id='word_1_318' title='bbox 1114 4065 1248 4130; x_wconf 92' lang='lat' dir='ltr'>probandi</span> <span class='ocrx_word' id='word_1_319' title='bbox 1261 4065 1306 4130; x_wconf 87' lang='lat' dir='ltr'>(B.</span> <span class='ocrx_word' id='word_1_320' title='bbox 1318 4062 1364 4118; x_wconf 87' lang='lat'>37.</span> <span class='ocrx_word' id='word_1_321' title='bbox 1376 4063 1448 4117; x_wconf 78' lang='lat' dir='ltr'>Dan</span> <span class='ocrx_word' id='word_1_322' title='bbox 1458 4061 1470 4115; x_wconf 87' lang='lat'><strong><em>1</em></strong></span> <span class='ocrx_word' id='word_1_323' title='bbox 1469 4065 1491 4128; x_wconf 87' lang='lat'>).</span> 
     </span>
     <span class='ocr_line' id='line_1_41' title="bbox 598 4132 1490 4201; baseline -0.006 -13"><span class='ocrx_word' id='word_1_324' title='bbox 598 4134 770 4201; x_wconf 70' lang='lat' dir='ltr'>excipiendo,</span> <span class='ocrx_word' id='word_1_325' title='bbox 791 4141 818 4187; x_wconf 92' lang='lat' dir='ltr'>et</span> <span class='ocrx_word' id='word_1_326' title='bbox 843 4133 869 4184; x_wconf 93' lang='lat' dir='ltr'>in</span> <span class='ocrx_word' id='word_1_327' title='bbox 888 4133 939 4186; x_wconf 88' lang='lat' dir='ltr'>hoc</span> <span class='ocrx_word' id='word_1_328' title='bbox 959 4150 1023 4186; x_wconf 89' lang='lat' dir='ltr'>casu</span> <span class='ocrx_word' id='word_1_329' title='bbox 1043 4136 1168 4200; x_wconf 86' lang='lat' dir='ltr'>probatio</span> <span class='ocrx_word' id='word_1_330' title='bbox 1188 4136 1318 4189; x_wconf 90' lang='lat' dir='ltr'>incumbit</span> <span class='ocrx_word' id='word_1_331' title='bbox 1341 4152 1396 4189; x_wconf 92' lang='lat' dir='ltr'>reo.</span> <span class='ocrx_word' id='word_1_332' title='bbox 1413 4132 1490 4188; x_wconf 85' lang='lat' dir='ltr'>Sicuti</span> 
     </span>
     <span class='ocr_line' id='line_1_42' title="bbox 651 4206 1491 4274; baseline -0.001 -16"><span class='ocrx_word' id='word_1_333' title='bbox 651 4207 720 4258; x_wconf 89' lang='lat' dir='ltr'>enim</span> <span class='ocrx_word' id='word_1_334' title='bbox 741 4211 816 4258; x_wconf 90' lang='lat' dir='ltr'>actor</span> <span class='ocrx_word' id='word_1_335' title='bbox 836 4206 951 4271; x_wconf 89' lang='lat' dir='ltr'>probare</span> <span class='ocrx_word' id='word_1_336' title='bbox 971 4210 1077 4258; x_wconf 89' lang='lat' dir='ltr'>tenetur</span> <span class='ocrx_word' id='word_1_337' title='bbox 1102 4222 1178 4260; x_wconf 84' lang='lat' dir='ltr'>suram</span> <span class='ocrx_word' id='word_1_338' title='bbox 1201 4208 1385 4274; x_wconf 85' lang='lat' dir='ltr'>intentionem,</span> <span class='ocrx_word' id='word_1_339' title='bbox 1412 4208 1491 4259; x_wconf 85' lang='lat' dir='ltr'>itaet</span> 
     </span>
     <span class='ocr_line' id='line_1_43' title="bbox 649 4275 1579 4347; baseline -0.003 -15"><span class='ocrx_word' id='word_1_340' title='bbox 649 4293 711 4332; x_wconf 88' lang='lat' dir='ltr'>reus</span> <span class='ocrx_word' id='word_1_341' title='bbox 732 4293 808 4330; x_wconf 90' lang='lat' dir='ltr'>suam</span> <span class='ocrx_word' id='word_1_342' title='bbox 827 4277 1011 4343; x_wconf 88' lang='lat' dir='ltr'>exceptionem</span> <span class='ocrx_word' id='word_1_343' title='bbox 1031 4275 1079 4342; x_wconf 81' lang='lat' dir='ltr'>(A.</span> <span class='ocrx_word' id='word_1_344' title='bbox 1094 4276 1139 4332; x_wconf 88' lang='lat'>53.</span> <span class='ocrx_word' id='word_1_345' title='bbox 1162 4277 1192 4332; x_wconf 88' lang='lat' dir='ltr'>B.</span> <span class='ocrx_word' id='word_1_346' title='bbox 1211 4277 1253 4333; x_wconf 88' lang='lat'>12.</span> <span class='ocrx_word' id='word_1_347' title='bbox 1267 4279 1338 4333; x_wconf 78' lang='lat' dir='ltr'>Dist.</span> <span class='ocrx_word' id='word_1_348' title='bbox 1353 4278 1396 4347; x_wconf 83' lang='lat'>3.)</span> <span class='ocrx_word' id='word_1_349' title='bbox 1422 4279 1488 4331; x_wconf 86' lang='lat' dir='ltr'>Reus</span> <span class='ocrx_word' id='word_1_350' title='bbox 1578 4317 1579 4338; x_wconf 77' lang='lat'>,</span> 
     </span>
     <span class='ocr_line' id='line_1_44' title="bbox 650 4345 1579 4414; baseline -0.001 -12"><span class='ocrx_word' id='word_1_351' title='bbox 650 4351 719 4403; x_wconf 90' lang='lat' dir='ltr'>enim</span> <span class='ocrx_word' id='word_1_352' title='bbox 739 4346 898 4414; x_wconf 86' lang='lat' dir='ltr'>excipiendo</span> <span class='ocrx_word' id='word_1_353' title='bbox 917 4347 949 4400; x_wconf 91' lang='lat' dir='ltr'>fit</span> <span class='ocrx_word' id='word_1_354' title='bbox 967 4353 1050 4401; x_wconf 90' lang='lat' dir='ltr'>actor.</span> <span class='ocrx_word' id='word_1_355' title='bbox 1578 4345 1579 4372; x_wconf 72' lang='lat'><em>³</em></span> 
     </span>
    </p>
   </div>
   <div class='ocr_carea' id='block_1_6' title="bbox 309 4029 552 4153">
    <p class='ocr_par' dir='ltr' id='par_1_15' title="bbox 309 4029 552 4153">
     <span class='ocr_line' id='line_1_45' title="bbox 309 4029 552 4096; baseline 0.004 -15"><span class='ocrx_word' id='word_1_356' title='bbox 309 4029 499 4096; x_wconf 84' lang='lat' dir='ltr'>Respondeurr</span> <span class='ocrx_word' id='word_1_357' title='bbox 518 4029 552 4082; x_wconf 90' lang='lat' dir='ltr'>ad</span> 
     </span>
     <span class='ocr_line' id='line_1_46' title="bbox 342 4100 522 4153; baseline -0.011 0"><span class='ocrx_word' id='word_1_358' title='bbox 342 4100 461 4153; x_wconf 87' lang='lat' dir='ltr'>libellum</span> <span class='ocrx_word' id='word_1_359' title='bbox 482 4100 522 4152; x_wconf 90' lang='lat' dir='ltr'>vel</span> 
     </span>
    </p>
   </div>
   <div class='ocr_carea' id='block_1_7' title="bbox 0 0 1610 5010">
    <p class='ocr_par' dir='ltr' id='par_1_16' title="bbox 0 0 1610 5010">
     <span class='ocr_line' id='line_1_47' title="bbox 0 0 1610 5010; baseline 0 0"><span class='ocrx_word' id='word_1_360' title='bbox 0 0 1610 5010; x_wconf 95' lang='lat' dir='ltr'> </span> 
     </span>
    </p>
   </div>
  </div>
 </body>
</html>
