3260 5018
766 435 901 492 Stranskii
930 434 931 440 '

699 704 847 774 CAPUT
872 705 961 774 ΧΠ.

592 887 654 960 De
681 885 912 982 Bojdnorunr
940 883 1078 980 lepidas.

333 1081 358 1147 Ι.
383 1079 535 1161 Legimus
556 1084 624 1144 tum
642 1080 674 1144 in
694 1097 797 1158 sacra,
821 1086 888 1146 tum
906 1082 938 1145 in
965 1079 1100 1162 profana
1112 1085 1254 1144 veterum
1279 1076 1424 1154 historia,
1450 1099 1452 1103 ·

236 1171 397 1250 sapientes
409 1169 532 1250 priscos
546 1169 598 1248 qui
612 1169 809 1248 respublicas
822 1169 1019 1234 celebriores
1032 1169 1126 1249 primi
1136 1168 1185 1232 vel
1194 1167 1368 1232 fundarunt
1378 1166 1427 1229 vel

237 1257 423 1334 formarunt,
439 1258 470 1321 in
495 1275 531 1320 re
554 1255 640 1320 nulla
664 1257 813 1321 solertius
832 1257 1028 1336 elaborasse,
1052 1274 1145 1336 quam
1170 1260 1205 1319 ut
1219 1272 1342 1319 omnem
1368 1255 1426 1317 sub

237 1348 320 1410 idem
339 1343 459 1410 coelum
476 1349 509 1408 et
523 1345 555 1408 in
572 1345 665 1408 unius
681 1345 762 1408 certi
780 1347 871 1424 quasi
887 1347 1031 1426 corporis
1047 1361 1231 1424 compagem
1246 1342 1426 1406 coeuntium

236 1435 398 1500 hominum
422 1451 460 1497 ac
484 1432 598 1497 civium
621 1449 750 1496 suorum
774 1434 913 1512 turbam,
944 1435 976 1498 in
1000 1434 1197 1510 societatem,
1230 1431 1334 1510 quoad
1358 1429 1429 1492 fieri

236 1527 355 1603 posset,
387 1521 516 1586 beatam
542 1513 566 1596 ¹)
597 1525 630 1584 et
653 1520 781 1600 longum
807 1521 994 1585 duraturam
1017 1521 1236 1597 traducerent,
1269 1523 1428 1598 attempe-

235 1609 377 1688 ratisque
401 1609 442 1673 ad
465 1608 535 1688 ejus
558 1609 685 1688 genium
708 1609 800 1672 bonis
824 1627 861 1674 ac
885 1610 996 1688 aequis
1019 1607 1153 1688 legibus,
1178 1609 1262 1672 inter
1278 1626 1312 1671 se
1329 1623 1425 1685 quam

238 1697 417 1766 arctissime
437 1697 646 1760 devincirent.
671 1695 795 1760 Scimus
818 1697 850 1760 id
874 1698 976 1776 egisse
1000 1697 1084 1776 apud
1101 1695 1268 1760 Hebraeos
1283 1695 1428 1775 Moysen,

237 1787 346 1851 Minoa
375 1785 461 1864 apud
491 1785 673 1863 Cretenses,
709 1785 793 1864 apud
822 1786 965 1850 Graecos
994 1783 1141 1849 Solonem
1172 1783 1429 1864 Lycurgumque,

236 1873 320 1955 apud
337 1873 497 1936 Romanos
512 1871 657 1949 Numam,
683 1877 716 1935 et
740 1873 794 1950 qui
816 1879 890 1953 post
911 1873 982 1937 illos
1006 1873 1190 1951 surgebant,
1215 1873 1300 1934 viros
1324 1887 1427 1950 prope

236 1961 358 2026 divinos
380 1960 499 2040 plures.
524 1959 592 2024 Nec
615 1959 680 2023 ulla
701 1958 762 2022 luit
785 1964 842 2024 aut
864 1965 914 2026 est
936 1959 1074 2024 celebris
1094 1959 1254 2023 hominum
1278 1958 1426 2034 societas,

237 2067 319 2130 quae
337 2047 396 2126 vel,
420 2049 591 2112 nomadum
607 2049 719 2126 instar,
744 2047 833 2127 leges
856 2048 960 2113 nullas
984 2048 1114 2127 habeat,
1138 2049 1188 2110 vel
1215 2065 1294 2126 quas
1316 2044 1426 2121 habet,

238 2155 301 2201 non
326 2153 441 2214 magno
465 2136 602 2216 cuipiam
627 2141 660 2200 et
678 2153 748 2200 cum
765 2135 941 2215 deis-quasi
957 2137 1158 2200 consiliorum
1176 2134 1428 2198 communionem

237 2223 370 2304 tenenti,
394 2223 486 2288 heroi
508 2241 565 2288 suo
590 2229 739 2304 acceptas
770 2223 857 2288 t'erre
882 2225 1041 2288 audiatur.
1066 2222 1197 2302 Bojema
1221 2239 1299 2302 gens
1328 2220 1427 2284 nihilo

236 2313 320 2379 forte
344 2311 493 2391 gentibus
520 2311 591 2376 aliis
614 2311 676 2375 hac
698 2328 825 2391 quoque
854 2313 886 2376 111
910 2331 946 2376 re
969 2318 1020 2377 est
1042 2311 1184 2376 inferior.
1217 2309 1339 2374 Habuit
1361 2307 1428 2386 illa,

236 2401 407 2479 habetque,
442 2400 584 2464 moribus
607 2401 672 2464 suis
696 2400 930 2479 convenienter,
961 2404 1053 2464 natas
1084 2400 1169 2464 domi
1200 2403 1233 2463 et
1258 2397 1325 2478 jam
1349 2396 1427 2461 olim

237 2489 395 2566 amagnis
412 2487 487 2566 suis,
511 2505 632 2566 usuque
655 2505 765 2551 rerum
789 2488 1031 2568 spectatissimis
1051 2487 1273 2552 thesmothetis
1294 2489 1428 2563 rogatas

237 2578 326 2656 leges
361 2575 461 2639 bonas
490 2581 587 2655 atque
615 2576 774 2639 instituta.
810 2574 959 2640 Omnium
991 2576 1113 2656 primus
1148 2575 1234 2654 genti
1263 2572 1428 2654 quosdam,

237 2665 334 2729 rudes
365 2681 441 2728 sane
471 2663 544 2728 illos
575 2669 669 2728 etex
701 2663 906 2728 decessorum
930 2663 1046 2728 Ozeohi
1076 2680 1114 2726 ac
1136 2662 1230 2728 Croci
1260 2662 1429 2738 utriusque

238 2750 381 2816 arbitriis
393 2751 591 2832 compilatos,
604 2751 721 2831 legum,
734 2756 769 2814 ut
781 2751 827 2814 ita
838 2751 1015 2830 loquamur,
1032 2743 1166 2826 θεσμοὺς
1180 2747 1430 2830 praescripsisse

237 2839 355 2918 legitur
379 2829 405 2916 ²)
429 2839 641 2920 Przemyslus,
667 2858 707 2903 ex
723 2837 857 2904 Stadicii
879 2840 954 2920 pagi
969 2839 1104 2919 domino,
1130 2837 1272 2918 quamvis
1289 2843 1427 2913 aratore,

239 2928 388 3008 princeps
416 2927 449 2991 in
472 2925 615 3006 Bojenria
637 2927 768 3008 primus.
801 2927 863 2991 Hic
886 2928 985 3007 igitur
1007 2927 1094 3008 apud
1116 2945 1173 2991 nos
1197 2931 1257 3004 est,
1288 2925 1371 3005 quod
1395 2929 1428 2986 et

238 3033 352 3079 nomen
376 3011 444 3091 qius
467 3015 580 3094 signat,
606 3015 735 3094 quidam
752 3016 842 3093 quasi
857 3015 1085 3080 Prometheus!
1110 3015 1199 3079 Bene
1216 3031 1249 3077 se
1267 3013 1430 3077 dederunt

239 3122 278 3168 ea
311 3102 470 3183 principia
505 3108 538 3166 ct
568 3103 748 3167 sanctiones
779 3101 1023 3184 Przemyslaeae
1054 3103 1138 3179 illae,
1175 3101 1285 3182 quales
1316 3100 1430 3181 quales

239 3195 341 3269 erant,
377 3191 531 3271 probatae
562 3197 635 3255 sunt
668 3191 786 3270 populo
817 3192 901 3255 omni
935 3209 974 3255 ac
1008 3191 1136 3271 publice
1172 3196 1332 3269 receptae,
1367 3206 1429 3251 nec

240 3279 342 3343 minus
357 3279 533 3343 tenacitate
550 3284 640 3342 tanta
657 3278 875 3357 religioneque
891 3279 1073 3357 observata,
1091 3284 1126 3341 ut
1142 3296 1251 3342 earum
1270 3277 1428 3357 quaedam

239 3384 343 3445 neque
366 3367 439 3429 dum
456 3367 583 3446 penitus
599 3365 805 3430 exoleverint.
829 3366 932 3432 Radix
948 3367 1048 3446 igitur
1063 3367 1137 3430 illae
1153 3372 1226 3430 sunt
1241 3369 1429 3444 rogatorum

239 3454 324 3534 apud
346 3471 403 3518 nos
426 3454 613 3533 posterioris
637 3453 708 3518 aevi
731 3454 836 3534 legum
860 3454 1008 3518 omnium.

338 3563 380 3629 ll.
419 3563 575 3641 Quoniam
608 3582 694 3642 vero,
729 3563 938 3644 multiplicato
973 3563 1145 3628 admodum
1180 3563 1428 3640 confirmatoque

240 3655 354 3732 postea
375 3653 408 3716 in
432 3651 574 3730 Bojemia
605 3651 780 3717 Czechicae
809 3652 913 3732 gentis
936 3653 1063 3733 populo,
1093 3651 1273 3717 mitioribus
1305 3649 1428 3722 studiis,

241 3745 451 3804 mercaturae
462 3744 495 3803 et
508 3738 641 3820 opificiis
656 3739 725 3802 nati
739 3739 894 3819 homines
918 3740 1156 3803 communicatis
1172 3740 1257 3803 inter
1280 3755 1315 3802 se
1331 3736 1427 3800 colla-

239 3827 343 3906 tisque
361 3827 500 3892 consiliis
519 3833 553 3892 et
567 3829 683 3908 partim
701 3827 924 3892 commoditate
939 3827 1000 3907 ipsi
1016 3845 1083 3906 sua,
1108 3828 1224 3906 partim
1248 3827 1428 3906 principum

239 3914 346 3994 gratia
386 3920 481 3995 atque
520 3915 793 3981 cohortationibus
831 3915 974 3994 animati,
1015 3914 1054 3978 ad
1094 3915 1190 3979 urbes
1229 3913 1428 3978 condendum

239 4002 454 4068 admovebant
485 4021 606 4083 manus,
638 4004 831 4082 tandemque
862 4022 995 4066 numero
1024 4020 1097 4082 spes
1130 4002 1314 4082 accedente,
1343 4001 1431 4065 inter

240 4089 362 4156 nobiles
392 4097 426 4153 et
454 4097 616 4170 agrestem
640 4092 769 4170 vulgum
799 4091 890 4170 quasi
919 4091 1026 4170 medii,
1057 4090 1125 4153 sola
1149 4081 1310 4170 principis,
1342 4089 1430 4153 nulla

239 4177 383 4257 aliorum,
408 4179 542 4259 imperia
554 4177 642 4243 ferre
655 4180 783 4258 vellent,
808 4185 840 4242 ct
856 4179 1068 4256 nihilominus,
1093 4177 1259 4242 formando
1271 4177 1430 4241 inmelius

239 4284 277 4328 ac
307 4263 463 4348 firmando
494 4266 592 4330 statui
624 4285 691 4347 suo,
724 4272 813 4331 certa
837 4268 930 4346 aequi
962 4274 1056 4346 atque
1087 4267 1186 4344 iniqui
1207 4266 1320 4346 regula
1350 4281 1431 4344 opus

240 4385 434 4406 ham-*-

337 4459 362 4525 1)
382 4457 460 4510 Plato
479 4457 511 4510 de
530 4459 626 4525 repub.
646 4458 692 4512 lib.
712 4463 738 4516 3.
776 4459 800 4526 ²)
822 4461 935 4513 Cosmas
956 4459 1054 4513 Chr'on.
1073 4459 1119 4512 lib.
1141 4465 1163 4515 l.
1211 4469 1214 4476 ’
1291 4467 1296 4474 ’
