3188 5008
542 499 555 532 ,-
659 469 710 524 Tit.
731 468 832 524 XXIII.

303 669 366 741 Dc
390 668 508 740 tutelis
533 680 563 740 a
588 680 728 740 semotus
754 667 906 738 consulto
934 667 1203 742 Macedonicae.

588 833 758 898 Titulus
781 833 903 897 XXIII.

251 966 334 1044 Quia
356 967 545 1048 plerumque
569 967 623 1032 ubi
646 968 856 1033 successionis
872 968 1117 1035 emolumentum
1134 977 1193 1048 est,
1217 970 1262 1034 ibi
1286 978 1343 1037 ant

143 1055 268 1120 tutelae
292 1073 370 1119 onus
393 1073 465 1120 esse
488 1055 600 1120 debet:
631 1058 730 1136 igitur
759 1062 833 1136 post
863 1060 1099 1123 snccessmnem
1130 1059 1254 1139 species
1285 1067 1340 1124 aut

146 1145 335 1226 nuptIarum
379 1144 636 1208 observationem
675 1145 747 1225 jura
787 1143 961 1209 tutelarum
1000 1146 1051 1211 hio
1088 1148 1185 1211 etlam
1223 1147 1342 1226 placuit

144 1239 332 1298 annectere.

251 1321 376 1399 Tutela,
402 1337 496 1398 quam
522 1320 638 1384 Graeci
661 1321 829 1401 epitropen
847 1328 971 1401 vocant,
996 1323 1073 1386 nihil
1097 1322 1181 1387 aliud
1206 1328 1263 1402 est,
1281 1325 1341 1388 nisi

145 1410 194 1473 vis
226 1427 266 1473 ac
297 1414 441 1490 potestas
472 1409 502 1471 in
532 1407 655 1490 capite
673 1409 783 1489 libero,
820 1410 860 1473 ad
897 1411 1048 1475 tuendum
1083 1430 1165 1489 eum,
1201 1412 1254 1489 qui
1282 1430 1342 1491 per

146 1502 292 1666 aetatem
317 1515 351 1561 se
374 1497 455 1662 ipse)
467 1496 641 1562 defendere
666 1497 785 1578 nequit,
807 1497 881 1576 jure
913 1499 996 1562 civili
1020 1499 1096 1562 data
1121 1517 1158 1562 ac
1184 1501 1340 1578 permIssa

167 1587 213 1650 D.
236 1587 265 1651 5.
292 1585 381 1650 Dlat.
403 1585 433 1650 1.

251 1673 311 1752 Qui
346 1674 429 1738 hanc
465 1673 525 1736 vim
562 1690 601 1736 ac
633 1678 826 1754 potestatem
862 1674 990 1750 habent,
1027 1674 1177 1738 dicuntur
1205 1680 1340 1754 tutores

149 1763 243 1843 quasi
279 1763 415 1826 tuitores
451 1768 546 1841 atque
580 1761 774 1826 defensores
817 1761 1042 1843 Principaliter
1075 1762 1159 1826 enim
1194 1763 1341 1844 personis

148 1852 278 1932 dantur,
300 1849 375 1914 licet
410 1867 534 1929 quoque
569 1850 761 1914 secundario
796 1850 965 1914 facultates
1001 1850 1144 1930 ipsorum
1176 1852 1341 1916 indemnes

147 1957 281 2004 servare
304 1942 484 2003 teneantur.

250 2025 418 2106 Ejusmodi
441 2025 543 2090 tutela
566 2034 617 2090 est
642 2024 668 2090 l.
694 2028 757 2090 Aut
781 2026 1034 2106 testamentaria,
1069 2028 1194 2106 quando
1220 2033 1342 2091 tutores

147 2111 346 2180 testamento
369 2115 488 2178 dantur
509 2104 530 2192 (
528 2116 570 2180 D.
596 2105 669 2194 8),-

252 2201 283 2266 ἱ).
307 2203 371 2266 Aut
393 2202 547 2282 legitima,
572 2221 667 2282 quum
691 2203 751 2282 hia
782 2203 896 2282 quibus
919 2208 1110 2267 testamento
1134 2208 1223 2268 tutor
1247 2203 1342 2267 datus

151 2297 288 2371 nonest,
305 2310 344 2355 ex
360 2289 431 2372 lege
442 2290 506 2354 XII
522 2291 704 2356 tabularum
722 2291 831 2372 agnati
846 2297 920 2355 sunt
935 2295 1059 2355 tutores
1083 2284 1143 2365 (D.
1160 2293 1188 2356 7.
1202 2291 1280 2356 Dist
1292 2288 1342 2371 1.)

153 2379 414 2444 Consentaneum
426 2397 542 2458 nempe
559 2387 608 2443 est
623 2383 818 2458 naturalem
835 2380 954 2443 sentiat
968 2396 1056 2458 onus,
1074 2381 1127 2458 qui
1143 2379 1209 2443 vult
1224 2381 1343 2444 sentire

151 2467 356 2534 commodum
379 2458 442 2546 (D.
467 2468 497 2531 7.
521 2467 608 2532 Dico.
632 2468 661 2532 2.
690 2470 752 2533 Jus
775 2465 872 2532 Pron.
899 2466 925 2531 I.
949 2467 1002 2531 52.
1026 2468 1059 2531 ia
1072 2460 1172 2554 fine.)

253 2552 282 2621 3.
306 2555 371 2620 Aut
400 2555 520 2634 dativa,
552 2557 679 2635 quando
710 2575 773 2620 non
805 2555 988 2620 extantibus
1017 2557 1270 2621 testamentariis
1294 2555 1344 2619 vel

151 2645 307 2724 legitimIs
329 2644 499 2722 tutoribus
525 2643 624 2723 aliqui
645 2645 762 2710 dantur
785 2663 804 2707 a
827 2645 1019 2722 magistratu
1041 2636 1105 2724 (D.
1124 2645 1173 2709 11.
1191 2645 1277 2710 Diat.
1294 2634 1344 2724 1.)

251 2729 281 2798 4.
306 2733 371 2798 Aut
400 2733 528 2814 patriae
552 2733 732 2812 potestatis,
762 2750 858 2811 quum
888 2736 982 2812 pater
1005 2732 1116 2797 liberis
1143 2733 1209 2797 suis
1240 2733 1342 2813 impu-

149 2820 284 2885 beribus
314 2819 437 2900 aliquos
466 2839 505 2883 ex
540 2819 696 2900 singulari
726 2818 844 2884 fiducia
873 2825 996 2884 tutores
1027 2823 1190 2886 constituit
1224 2810 1246 2896 (
1243 2822 1285 2886 D.
1311 2821 1340 2885 9.

148 2908 214 2973 Jua
237 2909 334 2974 Pron.
362 2907 386 2975 I.
412 2909 463 2973 54.
492 2906 516 2972 J.
542 2900 616 2988 61.)

252 2995 332 3060 Sunt
349 3002 382 3062 et
398 2997 479 3060 aliae
495 2996 536 3060 de
548 2997 620 3076 jure
638 3003 748 3062 nostro
762 2996 934 3062 tutelarum
952 2996 1086 3077 speclea
1104 3003 1140 3060 nt
1161 2996 1344 3074 honoraria,

152 3085 281 3164 quando
316 3085 547 3165 amagistratu
579 3103 637 3165 pro
673 3085 805 3164 honore,
834 3104 894 3166 ope
926 3091 959 3149 et
988 3084 1116 3148 consilio
1148 3083 1343 3164 praestando

155 3173 318 3238 tutoribus
342 3173 426 3238 datis
451 3172 505 3236 alii
529 3173 747 3254 adjnnguntur
779 3178 901 3238 tutores
931 3163 991 3254 (D.
1016 3164 1101 3253 22),
1130 3161 1166 3237 et'
1198 3171 1344 3236 anomala

153 3279 212 3325 seu
236 3261 506 3340 extraordinaria,
522 3266 558 3324 ut
581 3263 608 3326 si
631 3263 726 3326 matri
741 3262 792 3326 vel
815 3261 906 3325 aviae
930 3267 963 3323 et
986 3260 1055 3324 aliis
1076 3261 1180 3340 gradu
1194 3260 1345 3342 proximi-

152 3350 264 3414 oribus
289 3350 415 3414 leminis
441 3349 542 3413 tutela
564 3350 764 3428 relinquatur
788 3343 848 3428 (I).
869 3351 913 3414 10
928 3357 957 3412 et
971 3350 1034 3413 Jos
1049 3349 1145 3414 Pron
1164 3347 1205 3416 R.
1223 3341 1275 3427 2.)

254 3435 318 3501 Sed
354 3439 394 3502 de
421 3437 495 3516 jure
519 3437 680 3502 Caesareo
711 3443 815 3501 mater
852 3443 884 3503 et
915 3438 986 3500 aria.
1015 3455 1077 3500 non
1108 3442 1240 3518 possunt
1273 3455 1344 3501 esse

154 3532 292 3604 tutores,
323 3526 385 3590 nisi
419 3526 535 3590 viduae
566 3527 742 3589 manserint
773 3532 806 3590 et
834 3527 1106 3589 renunciaverunt
1130 3525 1345 3590 Senatuscon-

155 3615 241 3678 sulto
265 3613 431 3694 Vellejamo
456 3618 489 3678 et
512 3614 581 3677 aliis
605 3612 766 3678 beneficiis
782 3614 959 3678 mulierum.
983 3614 1027 3678 ut
1050 3615 1076 3678 si
1100 3618 1204 3678 mater
1220 3618 1343 3678 tutores

150 3702 267 3766 liberis
291 3721 354 3766 non
368 3702 502 3783 petierit
518 3701 567 3764 sel
591 3701 738 3766 inlocum
757 3703 872 3766 remoti
888 3703 936 3766 vel
954 3702 1097 3766 excusati
1119 3701 1205 3766 intra
1228 3721 1344 3766 annum

150 3795 266 3872 petere
281 3789 471 3870 neglexerit,
496 3789 535 3853 ab
559 3808 670 3854 eornm
692 3789 892 3869 impuberum
917 3791 1119 3856 morientium
1144 3791 1343 3856 successi0ne

151 3877 331 3960 repellitur.

255 3966 293 4030 In
317 3966 401 4031 omni
425 3963 526 4031 tutela
549 3967 686 4047 primum
703 3965 840 4031 officium
865 3969 980 4032 tutoris
996 3973 1055 4046 est,
1080 3972 1116 4030 ut
1138 3984 1238 4046 super
1253 3965 1345 4030 bonis

152 4054 359 4222 pupillorum,
382 4054 605 4222 praesentibus
625 4055 742 4134 jnratis
759 4060 791 4120 et
807 4055 941 4134 notarie,
966 4056 1175 4120 inventarium
1198 4052 1345 4118 conficiat

173 4141 490 4208 Dffidstff

253 4230 333 4294 Jure
358 4230 523 4294 Communi
557 4235 655 4310 tutor,
690 4232 744 4309 oui
775 4231 991 4310 repertorium
1030 4249 1092 4295 non
1123 4229 1209 4304 lecit,
1243 4227 1275 4291 in
1306 4247 1345 4292 ea

153 4318 338 4383 conditione
373 4324 432 4399 est,
456 4323 491 4380 ut
514 4324 664 4384 teneatur
687 4321 718 4383 in
749 4320 793 4398 id,
824 4319 908 4398 quod
943 4319 1053 4400 pupilli
1085 4318 1234 4394 interest;
1271 4316 1344 4380 ideo

152 4406 232 4471 nihil
257 4413 331 4470 ante
354 4407 569 4471 inventarium
603 4426 676 4472 eum
700 4425 815 4488 gerere
839 4413 978 4488 oportet,
1007 4407 1068 4470 nisi
1100 4406 1131 4469 id
1156 4405 1238 4485 quod
1263 4402 1343 4468 dila-

152 4495 274 4559 tionem
298 4513 358 4558 nec
382 4493 539 4559 modIoam
564 4503 735 4576 expectare
759 4498 870 4575 possit.
894 4496 1039 4561 Alterum
1062 4495 1178 4558 tutoris
1204 4491 1342 4557 officium
