3196 5010
187 460 233 525 IV

290 611 451 674 Mortuum
475 621 546 669 esse
570 607 717 682 putamus
741 617 770 663 a.
796 589 986 674 1597-98,
1018 611 1079 673 quo
1104 597 1247 674 tempore
1270 589 1378 670 Prago

191 723 282 803 gravi
305 718 489 803 pestilentia
512 714 763 781 conflictabatur.

289 829 448 896 Libellum
468 826 556 892 illum
580 825 634 905 qui
652 811 865 906 ,Processus“
891 815 1087 892 inscribitur,
1112 811 1214 877 edidit
1233 830 1263 875 a.
1281 805 1375 889 1585,

196 943 293 1024 ,Jure
323 939 509 1020 Municipali
531 935 624 1017 regni
646 919 839 999 Bohemiae“
865 936 898 994 et
925 923 1229 1008 ,Constitutionibus
1251 912 1373 1002 Rogni“

194 1049 360 1115 materiam
373 1045 661 1128 suppeditantibus.
671 1041 814 1106 Libellus
825 1039 877 1102 bic
893 1033 1084 1118 praeprimis
1099 1034 1171 1098 usui
1187 1032 1376 1098 discentium

194 1166 266 1226 erat
299 1145 394 1239 aptus
428 1163 462 1222 et
493 1156 533 1221 iis
566 1152 750 1218 refellendis
781 1153 993 1233 opportunus,
1028 1143 1081 1224 qui
1114 1149 1190 1207 tunc
1223 1140 1377 1223 temporis

192 1270 341 1336 laudibus
354 1267 435 1348 juris
451 1263 613 1330 Bohemici
629 1261 864 1328 obtrectabant.
878 1259 918 1322 'In
933 1257 1041 1320 lumen
1056 1249 1160 1318 editus
1177 1259 1226 1316 est
1241 1252 1377 1334 primum

194 1363 247 1444 ex'
266 1376 393 1443 officina
427 1371 660 1456 typographica
693 1389 776 1450 mag.
802 1366 939 1432 Danieli.
971 1364 1226 1443 aVeleslavina,
1262 1365 1377 1428 iterum

192 1487 296 1555 Jenae
320 1505 350 1551 a.
375 1479 470 1549 11108.
1257 1490 1259 1492 ·

290 1595 500 1661 Rarissimum
524 1588 672 1654 editionis
695 1585 866 1667 Progensis
890 1583 1072 1664 exemplar,
1103 1588 1139 1648 ut
1165 1584 1269 1648 denuo
1292 1583 1376 1665 typis

195 1701 439 1771 exscribendum
463 1715 659 1778 curaremus
684 1698 724 1762 ab
741 1695 877 1762 Antonio
894 1693 1039 1775 Rybidlra
1054 1693 1265 1760 Vindobonae
1288 1693 1378 1759 nobis

194 1820 244 1883 est
267 1810 509 1881 commodatum.
544 1807 736 1886 Bohemicae
760 1803 981 1886 consuetudini
1014 1803 1151 1889 tradidit
1183 1802 1379 1884 Opbthalmii

194 1919 309 1992 librum
328 1915 411 1988 1607
436 1920 595 2001 Georgius
614 1913 800 2000 Bydiovslry'
812 1917 901 1996 „civis
925 1921 958 1981 et
973 1917 1117 1982 notarius
1140 1917 1228 1982 urbia
1244 1917 1378 1982 Juveno.

193 2033 447 2110 BoleslaviensiS,
484 2031 572 2112 cujus
604 2028 784 2108 exemplum
807 2026 1059 2106 manuscriptum
1088 2045 1193 2108 nuper
1214 2027 1376 2093 inventum

193 2145 225 2209 in
248 2142 442 2209 bibliothece
464 2140 568 2207 Musei
590 2137 753 2202 Bohemiri
776 2135 901 2216 Pragae
917 2140 1110 2217 asservatur,
1134 2137 1295 2217 habetque
1319 2138 1385 2206 lroc'

196 2252 369 2336 proprium,
394 2251 479 2332 quod
502 2253 662 2331 interpres
684 2250 771 2316 locos
795 2269 834 2314 ex
856 2250 935 2314 Jure
958 2247 1143 2330 Municipali
1166 2255 1199 2315 et
1220 2239 1259 2315 en
1274 2252 1379 2331 Regni

196 2361 481 2426 constitutionibus
522 2360 665 2440 integros
703 2359 818 2436 adfert,
852 2375 932 2436 quae
967 2358 999 2421 in
1041 2358 1238 2440 Opbthalmii
1280 2379 1379 2443 opere

196 2470 394 2536 solummodo
432 2455 719 2536 commemorantur
758 2457 818 2544 (Gi.
851 2465 1079 2533 Additamento
1116 2474 1149 2533 et
1188 2472 1380 2538 variationes

194 2600 234 2646 ex
255 2580 402 2646 versione
430 2568 640 2656 „Processua“
666 2578 819 2656 boemica,
842 2594 915 2657 pag.
936 2570 1090 2653 89-97).

194 2787 340 2855 llxtrakt
362 2781 565 2874 blavntjticb
597 2779 848 2870 epicdnbjticb
881 2779 1053 2850 ertilmlilv
1083 2782 1211 2851 rPrtv
1235 2784 1379 2870 Saslry'cb

195 2895 298 2964 erebo
314 2892 595 2980 Magdeburslry'cb
612 2888 729 2975 (1571).
753 2890 915 2959 Srovntni
936 2890 1024 2959 Prtv
1038 2892 1226 2978 Pralsky'eb
1241 2914 1257 2963 a
1273 2895 1381 2981 Prtvy

277 3017 279 3020 ’
484 2998 772 3087 Magdoburslry'mi
795 2995 884 3088 (pag.
909 2998 1082 3084 tia-147).

294 3145 353 3211 Jus
376 3130 571 3225 Municipale
594 3142 627 3208 in
649 3142 804 3209 Bohemia
828 3146 861 3206 et
876 3141 1020 3208 Moravia
1043 3145 1135 3224 quasi
1159 3147 1316 3212 eduobus
1332 3152 1382 3212 est

197 3265 409 3342 propagatum
432 3255 599 3338 capitibus,
625 3273 758 3335 quorum
784 3254 920 3319 alterum
943 3259 1015 3319 erat
1033 3254 1087 3335 jus
1110 3255 1300 3323 Saxonicum
1324 3277 1381 3325 seu

196 3370 478 3450 Magdeburgense
514 3386 533 3431 a
567 3366 914 3446 semptemtrionalibus
949 3367 1121 3432 Bohemiac
1155 3373 1188 3431 et
1217 3368 1381 3435 Moraviae

197 3478 322 3562 oppidis
345 3485 521 3559 receptum,
545 3477 641 3558 idque
665 3477 697 3540 in
719 3475 874 3540 Bohemia
896 3477 1088 3557 praesertim
1112 3457 1383 3557 Litomericii,³in

186 3571 341 3652 'Moravia
364 3585 542 3665 Olomucii3
565 3585 702 3650 alterum
724 3580 833 3649 antem
852 3583 904 3662 jus
922 3585 1099 3665 Suevicum,
1123 3603 1185 3667 quo
1209 3586 1383 3652 utebantur

196 3695 316 3778 oppida·
339 3696 370 3760 in
393 3689 652 3760 meridionalibus
676 3693 821 3773 partibus
855 3693 926 3774 sita,
963 3713 1003 3759 ex
1037 3711 1098 3774 quo
1133 3711 1265 3762 nunrero
1289 3703 1384 3762 erant

196 3810 305 3872 Bruna
328 3811 361 3872 et
384 3807 471 3872 Urbs
494 3806 596 3871 Vetus
620 3803 798 3886 Pragensis.
823 3835 867 3844 --
889 3806 937 3870 Ad
961 3805 1042 3872 baec
1065 3807 1127 3871 duo
1147 3807 1230 3888 jmia
1254 3801 1384 3872 munici-

198 3916 280 3999 palis
295 3914 567 3996 genera'accessit
583 3930 685 3992 genus
701 3915 842 3992 tertium,
859 3915 942 3996 qnod
960 3919 1033 3979 erat
1047 3915 1238 3982 domesticae
1255 3916 1385 3996 originis

197 4030 295 4106 atque
318 4025 422 4106 ipsum
445 4024 524 4088 illud
552 4025 636 4103 quod
667 4042 750 4104 mag.
785 4023 941 4088 lloldinus
976 4023 1240 4092 excellentissimo
1275 4025 1386 4092 codice

197 4152 254 4200 suo
279 4133 463 4214 complexus
487 4137 545 4198 cst.

294 4242 424 4308 Koldini
447 4242 547 4310 codex
571 4261 599 4308 a.
626 4241 709 4320 1559
733 4244 871 4326 scriptus
895 4265 955 4330 pro
980 4247 1051 4328 lege
1086 4246 1268 4327 propositus
1304 4233 1385 4329 erat,

195 4373 260 4436 qua
282 4353 475 4419 Bohemicae
499 4354 645 4420 civitates
668 4360 858 4421 tenerentur
881 4376 1002 4435 omnes,
1033 4356 1094 4422 illis
1118 4357 1215 4438 etiam
1246 4359 1385 4439 inclusis

194 4482 278 4546 quae
298 4462 373 4543 jure
389 4464 563 4542 utebantur
580 4462 861 4543 Magdeburgenai.
885 4465 928 4531 nt
951 4466 1012 4531 hae
1029 4468 1184 4548 civitatee,
1208 4474 1387 4549 praeeunte
