3188 5008
665 393 698 447 V.
720 389 888 461 Ophthalmii
906 388 1062 443 Processus.

677 585 684 604 s

639 610 701 682 Dc
727 609 839 681 libello
865 606 1089 679 accusatorio.

741 775 911 843 Titulus
934 777 989 840 VI.

367 913 447 990 auio
470 931 526 977 reo
550 915 758 992 comparente
783 909 910 975 libellus
928 910 1148 976 accusatorius
1193 927 1230 973 ro
1246 907 1307 973 fori
1324 927 1458 973 corrone-

270 1002 380 1067 tudine
415 1001 571 1066 adversus
601 1001 704 1079 ipsum
729 999 836 1063 editur
865 989 922 1080 (A.
948 999 998 1062 45.
1025 997 1112 1063 Dist.
1137 929 1200 1077 dl,
1223 997 1358 1076 ideoque
1390 1001 1463 1077 post

270 1090 502 1155 contumaciam
527 1090 617 1152 citati
640 1107 702 1152 nou
721 1087 943 1168 comparente,
969 1086 1070 1150 uisum
1090 1085 1150 1149 luit
1174 1085 1213 1150 de
1237 1085 1343 1150 libello
1369 1103 1461 1150 accu-

273 1179 393 1243 satorio
418 1179 470 1242 bic
492 1195 596 1258 pauca
619 1176 785 1254 subjicere.
1102 1223 1106 1228 .

368 1267 495 1330 Dicitur
531 1271 638 1330 autern
673 1263 798 1328 libellus
840 1262 1060 1328 accusatorius
1103 1263 1210 1328 brevis
1246 1267 1279 1326 et
1314 1263 1462 1326 ordinata

270 1355 439 1436 scriptura,
464 1354 583 1417 claram
609 1353 775 1417 continens
800 1356 833 1415 et
844 1351 943 1430 judici
961 1355 994 1435 et
1009 1351 1095 1430 parti
1111 1351 1335 1415 demonstrans
1358 1352 1462 1415 inten-

271 1443 388 1506 tionem
414 1442 538 1522 egentis
565 1441 613 1506 vel
636 1441 826 1505 accusantis
852 1431 909 1520 (B.
936 1441 986 1520 9.)

370 1531 420 1594 De
435 1531 515 1596 lure
539 1528 704 1594 Communi
730 1527 847 1608 duplex
871 1534 921 1593 est
944 1527 1090 1593 libellus:
1116 1527 1206 1592 Unus
1232 1528 1461 1606 accusatorius,

272 1620 325 1698 qui
349 1618 514 1699 inscriptio
538 1624 760 1696 nuncupatur;
787 1617 871 1681 alter
887 1616 1137 1681 conventionalis
1154 1636 1210 1680 seu
1226 1616 1464 1695 postulatorius

265 1709 324 1786 -qui
350 1709 381 1776 iu
407 1707 551 1770 civilibus
571 1707 674 1770 causis
698 1706 892 1783 instituitur3
919 1712 952 1769 et
975 1706 1076 1785 prima
1100 1710 1233 1785 propter
1250 1711 1404 1783 actorem,
1429 1709 1468 1767 ut

269 1795 434 1874 jussuum
459 1795 491 1858 in
516 1814 553 1858 eo
568 1813 677 1858 coram
697 1793 806 1874 judice
829 1792 990 1869 declaret;
1016 1793 1132 1856 deinde
1149 1797 1283 1873 propter
1305 1811 1404 1871 reum,
1430 1798 1466 1856 ut

188 1961 197 1974 ἡ
273 1903 312 1948 ex
337 1903 374 1948 eo
399 1884 516 1947 instrui
539 1884 649 1963 possit,
675 1901 715 1945 au
739 1881 787 1944 liti
812 1882 927 1945 cedere
953 1881 1001 1945 rel
1025 1881 1218 1944 contendere
1242 1881 1337 1959 velit3
1369 1881 1466 1945 tertio

273 1971 407 2036 otl'ertur
429 1977 564 2051 propter
586 1971 738 2049 judicem,
762 1974 798 2032 ut
820 1969 1010 2034 seutentiam
1034 1967 1142 2033 libello
1162 1967 1354 2032 conformem
1378 1968 1466 2032 ferre

273 2065 380 2138 queat.
406 2049 463 2138 (B.
490 2058 541 2123 87.
570 2058 655 2122 Dist.
683 2048 733 2136 1.)

373 2160 503 2212 Efficiens
529 2176 613 2212 causa
641 2157 725 2210 libelli
752 2165 794 2210 est
812 2159 870 2226 ipse
890 2165 973 2227 actor,
999 2160 1040 2211 vel
1059 2164 1159 2220 orator,
1186 2163 1233 2212 aut
1252 2157 1404 2210 causidicus
1425 2157 1467 2208 rel

273 2233 450 2286 fcrenclarius

371 2303 528 2369 Subjectnm
548 2307 590 2354 est
609 2301 747 2370 obligatio,
768 2317 821 2368 qua
840 2301 940 2370 aliquid
960 2302 1081 2356 debetur.

374 2375 516 2441 Objectum
537 2379 579 2426 est
598 2388 722 2441 persona,
742 2389 785 2426 res
805 2372 959 2440 etinctum,
979 2374 1050 2442 qnod
1070 2375 1097 2426 in
1117 2389 1148 2426 eo
1169 2372 1318 2427 deducitur.

372 2448 470 2500 Forma
495 2451 559 2498 sunt
583 2445 773 2511 solennitates,
799 2460 868 2514 quae
894 2446 920 2496 ln
948 2461 978 2498 eo
999 2446 1180 2514 requiruntur.
1205 2443 1242 2495 Et
1260 2451 1324 2498 sunt
1346 2444 1380 2497 de
1399 2443 1467 2496 Jure

273 2519 413 2572 Communi
434 2517 570 2583 duplices:v
598 2515 773 2584 luti-insecus,
792 2522 823 2568 ut
840 2516 959 2569 narratio
980 2516 1051 2584 lacti,
1079 2532 1163 2569 causa
1182 2515 1300 2584 petendi,
1326 2515 1464 2569 conclusio

273 2607 321 2643 seu
339 2590 442 2656 petitio,
462 2604 531 2655 quae
550 2595 614 2641 sunt
633 2587 665 2639 de
687 2587 841 2640 substantia
853 2587 951 2654 libelli;
968 2595 995 2640 et
1007 2589 1183 2654 extrinsecae,
1196 2593 1232 2640 ut
1250 2603 1347 2641 nomen
1355 2585 1466 2654 judicis,

274 2661 373 2715 actoris
393 2666 420 2712 et
438 2660 477 2712 rei
496 2665 555 2728 etc,
573 2675 642 2727 quae
662 2664 724 2711 surrt
751 2665 854 2712 tantum
875 2659 910 2712 ad
929 2660 996 2712 bene
1016 2673 1075 2712 esse
1095 2659 1186 2727 libelli,
1203 2664 1231 2711 et
1249 2657 1324 2712 hisce
1343 2657 1466 2711 versibus

279 2733 465 2786 continentur:
777 2747 784 2756 ·
903 2753 905 2756 ·

444 2803 518 2870 Qum,
544 2801 616 2870 quid,
635 2818 725 2854 caram
745 2820 807 2870 quo,
833 2820 884 2870 quo
903 2803 964 2869 jure
984 2809 1094 2870 petatur
1118 2809 1180 2856 eta
1202 2798 1269 2870 quo:

444 2881 517 2927 recte
536 2873 701 2940 compositus
720 2875 834 2941 ¹quisque
854 2874 961 2928 libellus
984 2875 1074 2927 habet.

371 2947 447 2999 Finis
465 2944 547 2998 libelli
576 2949 625 3012 est,
651 2951 681 2996 nt
695 2945 780 3012 judex
799 2952 825 2998 et
844 2962 906 2999 reus
926 2963 959 2998 ex
983 2962 1014 2999 eo
1034 2945 1144 3011 dejure
1164 2946 1264 2998 actoris
1284 2946 1461 2998 instruantur.

375 3061 471 3126 Tales
494 3062 593 3127 libelli
616 3065 647 3127 in
671 3064 741 3128 soro
766 3069 875 3128 nostro
899 3082 962 3127 non
985 3065 1017 3126 in
1047 3063 1192 3144 scriptia,
1228 3062 1286 3127 sed
1314 3068 1464 3127 oretenus

273 3149 397 3213 institui
422 3159 676 3230 consueverunt,
708 3153 779 3216 dum
814 3157 905 3216 actor
934 3152 1143 3216 intentionem
1174 3169 1265 3215 suam
1288 3169 1348 3231 per
1370 3147 1468 3213 verba

276 3255 419 3317 congrua
435 3238 592 3319 declarat,
611 3239 810 3320 implorando
832 3257 929 3320 super
941 3239 1068 3319 justitia
1084 3239 1338 3304 administranda
1350 3237 1466 3318 judicis

271 3325 445 3406 judicium3
477 3328 508 3391 in
540 3327 624 3391 hunc
651 3329 720 3392 tere
743 3328 890 3406 modum,
927 3327 1053 3406 quando
1083 3329 1125 3392 ad
1149 3328 1197 3393 rei
1221 3325 1466 3391 vindicationem

282 3415 352 3492 quis
375 3415 513 3479 intendit
538 3409 594 3496 (A.
622 3419 651 3481 4.
678 3417 767 3480 Dist.
783 3415 812 3481 3.
815 3406 853 3496 ):
1425 3439 1427 3448 ⁴

374 3525 632 3591 Prudentissime
648 3527 727 3591 donc.
747 3526 865 3607 consul,
883 3549 1000 3614 uosque
1014 3527 1134 3592 caeteri
1150 3534 1314 3592 senatores
1332 3515 1466 3609 amplis·

274 3612 350 3676 simi
363 3615 377 3677 l
407 3615 522 3679 doram
552 3614 642 3679 vobis
674 3613 779 3679 Titius
815 3617 969 3700 proponit
1009 3615 1170 3680 aduersas
1195 3613 1418 3700 Sempronium
1441 3618 1469 3676 et

274 3724 492 3790 quamcunque
516 3725 693 3786 personam
713 3726 777 3786 pro
801 3726 836 3766 eo
858 3703 995 3790 lapillosa
1017 3703 1051 3768 in
1070 3704 1197 3788 judicia
1226 3709 1466 3788 comparentem,

198 3789 207 3801 ”
275 3790 360 3876 quod
389 3790 529 3856 indebite
563 3799 591 3854 et
628 3791 743 3874 injuste
777 3799 881 3856 teneat
916 3813 955 3856 ac
986 3792 1159 3874 possideat
1184 3790 1329 3880 fundum
1367 3812 1465 3868 snum,

277 3878 378 3946 tundo
403 3879 500 3944 Lucii
529 3869 579 3958 (in
611 3880 673 3944 tati
702 3879 754 3942 oet
782 3879 844 3942 tati
873 3871 958 3959 loco)
987 3880 1236 3949 adhaerentem..
1257 3879 1322 3958 Qut
1344 3877 1467 3966 quidem

263 3964 399 4053 fundus
423 3969 470 4032 ad
492 3968 717 4051 supradictam
746 3966 870 4030 Titium
889 3969 974 4052 justo
997 3968 1098 4048 tinto,
1128 3991 1239 4052 nempe
1269 3965 1465 4044 hereditatis,

269 4054 424 4139 pertinet.
460 4055 561 4132 Quane
592 4065 696 4119 autern
729 4056 820 4119 toties
851 4057 985 4120 monitus
999 4053 1144 4143 fundum
1172 4057 1289 4121 dictum
1308 4074 1466 4140 praesens

277 4143 487 4227 Semproniae
531 4142 620 4208 Titio
649 4144 832 4208 restitutore
859 4152 992 4224 recuset,
1017 4145 1114 4232 idque
1141 4145 1175 4209 in
1206 4145 1358 4209 domnum
1379 4141 1465 4207 illins

275 4232 366 4296 baud
380 4233 554 4301 modicum,-
571 4233 643 4296 ideo
659 4255 721 4316 per
732 4234 875 4296 vestram
890 4232 1077 4300 sententiam
1089 4233 1287 4318 definitivam
1303 4227 1466 4296 declarari
1485 4307 1489 4314 ι

273 4319 356 4403 petit
376 4317 495 4400 Titius,
509 4316 655 4404 fundum
672 4321 865 4384 rtonainatum
881 4321 928 4384 ad
942 4321 1165 4404 sepertinere,
1186 4319 1410 4405 Semproniam
1431 4339 1466 4382 ue

273 4407 359 4492 juris
382 4408 530 4472 remidiia
556 4409 603 4471 ad
624 4409 854 4472 restituendam
883 4408 979 4472 tatem
993 4406 1138 4494 fundum
1167 4408 1340 4493 compelli·
1358 4406 1396 4470 In
1412 4339 1464 4470 lis
