3260 5018
499 455 503 462 '
541 453 708 520 Respublica
726 452 846 522 Bojeme.
867 454 931 521 Cap.
954 455 1028 508 XVI.
1314 455 1378 526 269

287 595 346 660 lll.
371 594 528 674 Quoniam
551 613 627 660 vero
651 613 763 660 causas
785 600 850 659 tam
870 594 992 674 horum,
1017 612 1113 673 quem
1126 594 1252 659 illorum
1271 596 1377 675 cogni-

189 684 268 749 tioni
291 684 474 762 attributes,
506 689 702 763 compertum
733 690 782 749 est
810 689 926 747 nature
956 701 1013 747 sua
1044 701 1063 747 a
1095 682 1311 764 qualitatibus
1342 691 1378 749 ut

191 773 371 852 plurimum,
406 771 484 836 alies
519 774 559 838 ab
596 772 667 835 eliis
702 773 839 836 distare:
875 789 979 851 neque
1004 771 1081 849 Rex,
1116 789 1220 852 neque
1242 773 1377 852 populus

190 860 363 925 tribunalia
400 860 440 925 iis
478 859 694 940 disceptandis
732 865 850 939 erecte,
889 859 1074 924 indistincta
1107 859 1288 938 relinquere
1324 860 1377 925 diu

191 949 301 1028 potuit.
328 948 488 1012 Discrevit
510 947 609 1027 igitur
632 967 671 1011 ea
693 966 826 1027 quoque,
851 955 924 1027 post
939 953 1096 1012 maturam
1113 947 1375 1028 disquisitionem,

191 1055 260 1100 cum
281 1037 357 1115 Rex,
382 1043 448 1101 tum
472 1037 608 1116 populus
632 1044 797 1116 oportune.
823 1037 916 1100 Unde
940 1036 1064 1115 regium
1081 1035 1236 1115 judicium
1259 1036 1376 1117 duplex

189 1125 222 1188 in
256 1125 316 1188 boc
346 1143 444 1204 regno
478 1124 648 1189 hebemus:
686 1124 885 1189 Praetorium
922 1141 1047 1203 nempe,
1082 1126 1157 1203 sive,
1195 1131 1229 1190 ut
1263 1123 1374 1204 vulgus

190 1211 341 1292 loquitur,
372 1212 548 1292 Camerale,
582 1213 676 1278 Soad
695 1213 862 1291 Komorec',
894 1219 926 1276 et
949 1211 1076 1276 Ouriale
1101 1231 1158 1276 seu
1181 1211 1377 1291 clientelere,

193 1300 287 1365 Soud
309 1300 477 1384 Dworsby'.
509 1299 665 1365 Neutrum
689 1301 775 1380 alibi,
799 1306 930 1378 praeter
954 1318 1048 1377 quam
1071 1301 1104 1364 in
1127 1301 1269 1366 conclavi
1292 1302 1374 1381 quod

194 1389 304 1452 Viridc
340 1395 481 1464 vocatur,
518 1395 623 1468 potest
656 1389 797 1468 legitime
832 1389 944 1468 peregi
972 1381 1005 1466 ¹).
1041 1387 1130 1453 Onus
1152 1386 1323 1454 functionis
1343 1389 1377 1452 in

192 1484 328 1556 utroque
357 1477 523 1542 obeundae
556 1478 596 1542 eb
620 1478 709 1559 Rege
741 1477 966 1542 demandatum
994 1475 1156 1556 defugere,
1188 1478 1306 1542 nemini
1329 1483 1379 1542 est

193 1567 362 1646 integrum,
394 1584 454 1630 nec
484 1567 544 1630 nisi
574 1572 647 1646 post
678 1565 858 1630 exantlatos
889 1563 982 1644 hujus
1012 1564 1072 1629 loci
1094 1564 1222 1630 labores
1246 1585 1378 1645 annuos,

193 1653 378 1719 renuntiare
410 1654 543 1718 honeste
572 1655 696 1718 muneri
727 1673 786 1734 per
815 1653 902 1732 leges
925 1652 1047 1732 collega
1071 1654 1236 1732 quisquam
1261 1660 1377 1735 potest.

192 1743 264 1806 Etsi
292 1760 369 1806 vero
397 1743 479 1820 Regi
515 1747 668 1823 cooptare
701 1759 760 1822 pro
793 1740 925 1806 arbitrio
954 1739 987 1803 in
1015 1741 1075 1805 hoc
1106 1741 1272 1806 concilium
1302 1742 1377 1807 licet

190 1830 314 1909 judices
339 1848 377 1894 ex
400 1831 567 1895 nobilitate
590 1849 673 1894 nunc
694 1832 814 1910 plures,
837 1848 920 1894 nunc
934 1829 1115 1908 pauciores:
1141 1835 1282 1894 attamen
1299 1849 1377 1911 peu-

193 1921 295 1984 ciores
312 1935 407 1997 quem
423 1920 568 1983 Berones
588 1925 670 1995 octo,
694 1919 803 1999 plures
827 1935 920 1995 quam
937 1916 1115 1994 Equestres
1139 1924 1275 1994 quatuor
1298 1936 1378 1997 esse,

193 2014 226 2072 et
249 2007 289 2071 de
312 2006 378 2086 lite,
404 2024 612 2086 quaecunque
637 2025 676 2070 ea
700 2007 749 2085 sit,
773 2006 835 2069 nisi
858 2005 991 2070 concilio
1014 2003 1176 2084 frequenti
1200 2013 1233 2070 et
1256 2007 1377 2082 decenn,

193 2097 231 2159 ad
268 2095 443 2174 minimum,
480 2095 674 2174 collegarum
710 2093 930 2175 praesentium
964 2091 1132 2173 suffragiis,
1168 2095 1380 2173 pronunciare

195 2189 352 2249 vetantur.
378 2182 545 2249 Praetorio
570 2202 626 2248 seu
643 2182 803 2248 Cernereli
824 2182 943 2262 judicio
960 2180 1092 2260 singulis
1109 2181 1200 2245 ennis
1215 2180 1380 2246 delinitum

190 2272 315 2352 legibus
349 2278 399 2336 est
432 2278 558 2350 tempus
592 2278 725 2338 certum,
761 2277 877 2350 quater
910 2289 1025 2349 nempe
1061 2287 1143 2332 anno
1177 2287 1379 2350 unoquoque,

194 2379 253 2440 per
282 2361 448 2425 continuos
478 2361 546 2424 dies
577 2359 835 2440 quatuordecim:
866 2358 1007 2422 Primum
1032 2358 1073 2422 ed
1096 2363 1220 2421 sextum
1244 2357 1380 2423 Kalend.

193 2449 360 2527 Februar,
406 2449 580 2513 secundum
625 2447 779 2528 postridie
815 2445 1055 2511 Misericordias
1093 2446 1138 2509 sic
1176 2445 1280 2509 vocati
1317 2446 1381 2510 diei

196 2536 361 2614 Dominici,
395 2537 525 2601 tertium
557 2536 598 2599 ad
629 2535 798 2616 septimum
822 2533 957 2598 Kalend.
983 2533 1144 2612 Septemb.
1173 2539 1206 2598 et
1232 2540 1381 2613 quartum

197 2624 235 2690 ed
264 2624 366 2688 Eidus
394 2625 565 2690 Novembr.
588 2624 777 2688 Moderatur
805 2623 852 2687 illi
882 2623 915 2686 in
946 2621 1090 2686 omnibus
1122 2639 1256 2701 magnus
1287 2641 1381 2702 pree·

195 2712 267 2777 torii
302 2713 369 2776 sive
399 2712 512 2792 palatii
540 2711 707 2791 Magister.
744 2711 976 2792 Disceptantur
1011 2709 1042 2772 in
1076 2709 1129 2773 illo
1165 2710 1307 2774 actiones
1341 2709 1381 2773 de

197 2797 354 2864 calumnie
377 2801 444 2864 sive
467 2800 585 2879 injuria
611 2801 731 2866 verbali
753 2818 814 2863 non
840 2797 1076 2876 contumeliosa,
1101 2817 1140 2862 ex
1156 2797 1310 2878 stipulatu
1323 2815 1381 2877 pro

195 2889 270 2953 dote
287 2888 475 2969 repetenda,
500 2906 560 2968 pro
581 2896 700 2966 mutuo,
725 2887 764 2952 de
784 2887 912 2965 mulcta,
937 2886 967 2951 ei
991 2886 1044 2964 qui
1068 2886 1284 2950 testimonium
1308 2903 1381 2965 per-

194 2977 308 3040 bibere
331 2978 500 3055 recusavit,
536 2982 592 3040 eut
614 2977 654 3051 ei,
690 2995 748 3054 per
772 2993 863 3052 quem
888 2974 1007 3040 fectum
1032 2978 1090 3049 est,
1121 2975 1288 3053 quominus
1312 2972 1382 3054 quis

192 3065 313 3140 judicio
336 3065 479 3143 sistatur,
502 3064 685 3144 irroganda,
714 3065 754 3127 de
777 3063 966 3128 revocandis
988 3062 1168 3142 impetratis
1190 3063 1223 3126 in
1247 3063 1382 3127 aliorum

193 3152 338 3217 fraudem
351 3152 537 3232 privilegiis,
562 3152 610 3216 vel
637 3151 818 3215 vacantium
841 3153 995 3216 bonorum
1012 3149 1301 3215 ecclesiasticorum
1318 3149 1381 3214 ler-

195 3241 379 3319 gitionibus,
409 3241 439 3305 vi
463 3240 617 3306 bonorum
641 3246 816 3319 raptorum,
846 3241 878 3303 vi
907 3239 1018 3317 quevis
1045 3239 1184 3317 private,
1214 3241 1296 3304 etsi
1320 3256 1383 3318 que

194 3333 267 3392 sunt
291 3328 414 3392 similia.
447 3327 650 3409 Consumptis
680 3347 777 3409 porro
807 3329 839 3390 in
870 3327 963 3404 hujus
991 3327 1119 3406 generis
1147 3326 1249 3390 litium
1274 3327 1380 3404 cogni-

195 3419 281 3481 tione
316 3417 555 3495 quetuordecim
590 3416 702 3480 diebus
737 3416 809 3493 illis,
845 3415 1004 3480 octiduum
1032 3412 1118 3477 eliud
1143 3413 1381 3493 superadditur,

196 3522 256 3581 quo
288 3509 452 3584 permotus
481 3505 658 3586 supplicum
687 3502 837 3584 precibus
860 3503 940 3579 Rex,
971 3503 1005 3565 in
1037 3502 1139 3566 censis
1167 3519 1290 3566 morem
1320 3519 1383 3567 non

195 3591 384 3671 ferentibus,
404 3591 457 3670 jus
480 3594 520 3657 iis
545 3597 636 3657 entre
658 3593 802 3656 ordinem
826 3589 917 3654 reddi
937 3588 1041 3668 jussit.
1066 3589 1136 3654 Rex
1151 3589 1299 3655 similiter
1311 3589 1382 3670 ipse

109 3695 111 3701 ’
194 3697 256 3742 non
294 3697 368 3744 raro
407 3680 569 3759 litigantes
609 3701 647 3744 ex
686 3679 863 3758 conjunctis
900 3694 1000 3757 regno
1035 3677 1205 3758 provinciis
1238 3677 1312 3742 huic
1347 3694 1381 3741 se

191 3766 312 3845 jndicio
343 3767 437 3846 jubet
470 3770 585 3834 sistere
621 3785 814 3846 causamque
850 3766 958 3830 dicere
985 3756 1020 3843 ²).
1057 3765 1121 3829 Ubi
1150 3765 1189 3829 de
1212 3764 1382 3846 disputatis

196 3854 279 3919 ultro
296 3856 440 3935 citroque
456 3857 488 3920 id
505 3875 605 3936 genus
622 3855 857 3933 controversiis,
883 3853 1010 3917 nomine
1034 3858 1068 3918 et
1083 3853 1277 3918 authoritate
1294 3852 1385 3933 regia

195 3943 397 4022 pronuntiari
434 3944 564 4010 tandem
604 3944 769 4008 consuevit
807 3960 844 4008 ac
881 3943 1021 4006 decerni.
1062 3941 1158 4004 Haud
1193 3941 1384 4006 absimiliter

194 4029 322 4096 Curiale
358 4051 415 4096 seu
450 4031 636 4098 clientelere
666 4032 765 4110 Regis
797 4030 952 4111 judicium
988 4035 1077 4094 certa
1111 4029 1234 4108 itidem,
1270 4030 1384 4109 quibus

191 4125 378 4199 peragatur,
403 4119 502 4186 hebet
525 4121 697 4185 constitute
717 4126 876 4197 tempora,
898 4135 981 4195 quae
998 4134 1189 4195 unoquoque
1206 4135 1289 4181 anno
1305 4117 1383 4180 dun-

193 4211 282 4270 tanet
305 4211 379 4272 sunt
402 4208 498 4273 utiles
521 4209 590 4273 dies
614 4212 765 4287 quatuor:
792 4207 889 4271 Utilis
913 4224 1027 4286 nempe
1051 4207 1183 4284 quisque
1209 4211 1284 4270 ente
1308 4224 1382 4285 que-

193 4293 369 4361 tuordecim
405 4295 486 4375 illos,
523 4294 577 4375 qui
610 4295 758 4360 habendo
786 4292 906 4372 judicio
934 4293 1092 4357 Camerali
1122 4297 1196 4358 sunt
1228 4292 1386 4376 solennes,

296 4483 321 4552 ¹)
341 4483 435 4539 Gemit.
456 4499 517 4538 ann.
539 4485 615 4541 1575.
652 4481 794 4552 ²)·Comit.
815 4498 877 4540 ann.
897 4487 975 4543 1575.
