3196 5010
644 462 918 522 mmam.
1336 463 1375 530 ῃ

599 595 751 679 dilatoriae,
768 602 799 650 ut
817 605 880 652 sunt
894 601 975 667 pacti,
990 606 1016 653 et
1029 616 1083 652 non
1100 595 1282 650 numerandae
1296 609 1374 662 peon·

632 683 702 740 ⁸mue
722 675 793 721 intra
811 678 914 724 certum
935 679 1049 740 tempus,

781 782 792 844 f
806 788 881 835 actor
905 782 1008 849 justam
1034 786 1151 833 aetatem
1182 794 1236 831 non
1261 777 1379 834 babeat3

840 870 902 906 reus
922 854 956 906 ad
976 854 1063 906 minus
1096 853 1290 916 competentem
1306 846 1378 914 judi·

841 941 898 978 cem
917 925 1024 978 citetur.

805 997 972 1049 consuetudo
1001 1002 1028 1048 et
1055 1004 1201 1064 processus
1224 992 1296 1058 juris
1324 1005 1378 1042 non

843 1069 1008 1122 observetur.

374 889 461 941 miuus
484 905 544 955 pro·
599 886 746 940 declinato-

175 955 230 1006 Lis
269 971 332 1009 con·
404 960 546 1028 prie‚dum
601 958 666 1026 riae,
686 965 716 1010 ιιι
735 959 758 1011 si

206 1067 332 1115 testatur
405 1047 505 1100 pr0l'0'

405 1110 507 1156 uantur

207 1176 264 1222 aut
406 1174 542 1240 exceptio·
803 1173 891 1225 actori
920 1173 1028 1238 obsunt,
1055 1175 1086 1222 ut
1115 1173 1179 1222 sunt
1207 1166 1379 1232 exceptiones

405 1252 524 1313 nes,aut
840 1243 1039 1310 transactionis,
1066 1241 1105 1295 rei
1120 1239 1260 1306 judicatae
1281 1244 1308 1290 et
1325 1237 1379 1289 litis

843 1316 942 1368 linitae.

806 1386 981 1452 agitationem
995 1399 1095 1438 causae
1109 1382 1251 1450 perimunt,
1273 1387 1303 1432 ιιι
1316 1385 1379 1432 sunt

842 1457 966 1524 exceptio
995 1454 1218 1523 praescriptionis
1255 1458 1282 1505 et
1309 1451 1381 1504 solu·

844 1530 934 1584 tionis,

602 1285 755 1347 perempto·

601 1353 666 1417 riae,
686 1367 756 1416 queo

612 1777 674 1847 De
694 1773 967 1870 probationibus.

646 1960 810 2026 Titulus
833 1961 925 2026 ¹llIll.

294 2073 542 2195 Quoniarnxlit'e
578 2113 727 2192 negative
763 2119 953 2188 contestata,
988 2118 1018 2178 ei
1043 2119 1096 2195 qui
1120 2117 1208 2190 oica,
1243 2135 1305 2180 non
1329 2118 1383 2196 qui

190 2210 303 2287 negat,
337 2203 494 2283 probandi
519 2202 694 2266 necessitas
724 2201 880 2264 incumbit
903 2194 960 2281 (B.
984 2204 1035 2268 37.
1065 2205 1151 2269 Diat.
1184 2196 1239 2284 1).·
1275 2206 1382 2284 itaque

192 2313 280 2357 nunc
303 2294 343 2356 de
367 2290 621 2372 probatIonibus

225 2467 227 2472 ,
294 2403 353 2466 Est
386 2407 492 2466 autern
524 2401 672 2480 probatio
703 2403 750 2465 rei
782 2402 900 2467 dubiae
929 2420 989 2482 per
1012 2402 1157 2483 legitima
1188 2403 1383 2467 documenta

192 2493 290 2557 firma
314 2491 543 2554 demonstratio
567 2480 626 2567 (B.
652 2489 706 2555 36.
732 2490 817 2554 Diei.
845 2481 896 2566 1.)

297 2602 405 2678 Actor,
431 2599 514 2678 quod
540 2604 705 2662 asseverat
734 2601 874 2678 probare
908 2618 942 2663 se
978 2618 1039 2663 uon
1065 2618 1159 2679 posse
1193 2599 1383 2678 profitendo,

193 2709 287 2755 reum
312 2688 505 2752 necessitate
536 2687 735 2750 monstrandi
759 2689 954 2752 contrarium
989 2706 1051 2751 non
1081 2688 1251 2767 astringit,
1287 2706 1383 2766 quum

193 2797 256 2860 per
290 2797 397 2842 rerum
421 2782 570 2838 naturam
604 2773 723 2838 factum
756 2775 902 2853 negantis
934 2775 1082 2856 probatio
1105 2776 1147 2840 sit
1169 2776 1265 2840 nulla.
1301 2776 1383 2840 Hinc

193 2867 272 2931 iilud
298 2867 355 2931 sub
379 2864 475 2928 litera
498 2864 538 2926 B.
555 2862 607 2926 37.
632 2861 719 2926 Diri.
736 2863 775 2926 2.·
806 2864 923 2927 Actora
947 2882 1009 2928 non
1033 2863 1191 2943 probante
1220 2882 1295 2928 reus
1326 2864 1381 2926 ab·

194 2954 341 3032 solvitur,
366 2951 464 3017 etiarn
487 2951 513 3015 si
536 2953 563 3015 is
585 2950 663 3014 nihil
686 2951 881 3030 probaverit.

297 3061 501 3126 Probationis
533 3059 566 3123 in
600 3059 669 3124 foro
704 3064 816 3124 nostro
852 3079 907 3124 sex
943 3067 1140 3136 usurpantur
1174 3059 1307 3140 species
1344 3062 1384 3124 de

199 3152 314 3230 quibus
338 3148 499 3228 sigillatim
524 3147 664 3212 inferius,

296 3259 345 3322 De
376 3258 456 3321 dure
480 3257 644 3321 Communi
677 3257 826 3336 probatio
857 3263 914 3321 aut
942 3265 992 3320 est
1023 3257 1271 3335 evideutIssima
1305 3276 1386 3338 quae

198 3349 240 3410 sit
255 3365 314 3427 per
328 3345 498 3425 privilegia
515 3350 548 3407 et
564 3345 777 3408 instrumenta
792 3344 989 3422 indubitata;
1015 3353 1070 3411 aut
1085 3345 1217 3410 evidens
1239 3351 1273 3409 ct
1289 3346 1386 3424 clara,

199 3453 280 3514 quae
306 3435 347 3497 sit
380 3452 439 3514 per
468 3438 568 3497 testes
596 3423 646 3495 vel
677 3431 754 3496 lacti
784 3433 992 3514 evidentiam3
1028 3440 1083 3498 aut
1113 3433 1214 3497 minus
1246 3434 1386 3513 evidens,

200 3539 280 3602 quae
304 3521 341 3585 fit
363 3539 423 3602 per
445 3520 658 3600 conjecturas.

297 3630 381 3694 Illud
416 3629 548 3710 probari
583 3630 696 3707 debet,
741 3630 826 3709 quod
863 3631 895 3696 in
930 3630 1082 3709 judicium
1119 3639 1168 3694 ost
1203 3631 1384 3708 deductum,

199 3720 348 3800 quodque
382 3718 486 3797 possit
520 3735 590 3780 esso
622 3717 734 3796 actori,
771 3717 811 3780 ad
847 3737 963 3783 causae
1002 3719 1178 3797 victoriam,
1213 3721 1386 3785 relevando

199 3812 303 3888 ipsum
326 3797 385 3885 (B.
411 3805 463 3870 36.
488 3805 574 3869 Diei.
599 3793 651 3885 3)

296 3916 334 3980 Id
369 3915 516 3979 rhetores
553 3909 724 3990 κρινόμεοον
749 3934 806 3979 seu
840 3915 1068 3993 judicationem
1106 3936 1221 3984 rooare
1252 3935 1384 3983 consue-

198 4011 323 4072 verunt.
348 4005 449 4068 Facta
472 4003 556 4066 enirn
580 4022 642 4067 non
666 4011 926 4083 praesumuntur,
949 4006 1009 4069 nisi
1032 4007 1220 4086 probentur.

296 4129 386 4179 Causa
405 4124 523 4178 efficiens
543 4124 730 4190 probationum
751 4130 792 4177 est
806 4124 902 4191 jussus
917 4125 1018 4192 judicis
1038 4135 1065 4180 et
1083 4145 1147 4194 pars
1167 4129 1295 4194 probans.

296 4197 452 4263 Subjectum
478 4200 540 4247 sunt
565 4194 699 4248 evidentia
717 4196 790 4263 iacti,
817 4203 909 4266 testes,
938 4199 1124 4267 iustrumenta,
1150 4202 1383 4268 praesumptiones

197 4275 224 4322 et
243 4269 270 4321 id
290 4285 374 4336 genus
394 4267 455 4321 alia.

297 4340 437 4405 Objectum
458 4342 498 4390 est
516 4337 625 4402 negatio
646 4339 732 4404 partis
754 4339 889 4393 adversae.

297 4412 398 4464 Forma
417 4416 459 4462 est
477 4409 654 4476 consuetudo,
677 4411 790 4476 quaein
811 4410 951 4478 probando
971 4410 1075 4479 aliquid
1093 4417 1225 4467 servatur.

296 4482 372 4534 Finis
392 4487 441 4549 est,
461 4486 491 4532 ut
504 4478 599 4548 judici,
618 4481 661 4532 cui
681 4481 792 4547 probari
811 4481 899 4553 debet,
920 4483 1019 4536 veritas
1039 4498 1138 4537 causae
1157 4491 1259 4551 pateat,
