3212 5008
231 427 272 493 56
625 427 657 480 V.
679 424 847 493 Ophthalmii
865 422 1020 477 Processus

231 585 422 649 proponere,
446 565 497 630 vel
519 565 703 630 habeantne
728 563 813 645 quod
836 562 868 625 in
893 563 1113 641 quaestionem
1129 569 1267 628 vertant.
1294 564 1328 628 Si
1341 563 1420 628 nibil

231 656 353 721 habent
375 659 497 736 partes,
513 654 721 718 remunetiant
744 651 999 732 allegationibus
1024 656 1057 716 et
1079 651 1111 715 id
1136 653 1253 716 dicitur
1268 651 1301 715 in
1324 671 1423 716 causa

231 743 431 809 concludere.
452 742 541 821 Quae
553 741 659 806 omnia
671 740 775 820 redigi
786 739 905 803 debent
917 739 1099 820 inscriptis.
1121 739 1291 805 Conclusio
1305 759 1421 821 nempe

231 835 263 898 in
288 833 392 896 causis
415 831 568 913 plenariis
600 834 650 893 est
684 829 724 892 de
748 827 943 893 necessitate
975 833 1008 891 et
1031 829 1218 893 substantia.
1254 828 1289 893 Si
1312 835 1423 909 partes

231 921 341 985 volunt
364 919 470 999 aliqua
492 918 610 997 dicere,
642 935 737 995 quum
769 921 879 980 tamen
914 915 1110 981 sufficienter
1142 916 1261 980 dictum
1285 936 1323 980 ac
1345 934 1421 996 pro-

229 1010 340 1075 batum
357 1009 408 1087 sit,
429 1008 616 1086 eademque,
633 1023 716 1084 quae
732 1003 821 1084 prius
844 1004 1003 1081 dixerunt,
1019 1010 1181 1084 repetant,
1202 1005 1302 1084 judex
1324 1005 1423 1070 debet

230 1098 277 1163 eis
313 1096 431 1176 dicare,
467 1099 503 1159 ut
524 1095 715 1160 renuncient
749 1111 787 1157 ac
821 1092 1019 1172 concludant,
1051 1093 1104 1171 qui
1138 1093 1164 1156 si
1189 1093 1422 1159 contumaciter

230 1186 332 1250 nolint
359 1184 549 1250 concludere
573 1185 771 1264 praesentes,
796 1185 861 1245 tum
886 1181 990 1245 fertur
1013 1181 1180 1246 sententia.

329 1294 378 1357 De
400 1292 479 1357 lure
503 1290 673 1370 Caesareo,
697 1307 923 1370 nonnunquam
947 1289 1105 1355 conclusio
1129 1291 1162 1354 in
1185 1309 1283 1355 cansa
1306 1298 1340 1354 et
1363 1309 1422 1372 per

229 1381 360 1446 tacitam
394 1379 668 1446 renunciationem
702 1377 797 1457 valet,
834 1383 868 1441 ut
899 1377 925 1441 si
948 1381 1059 1458 partes
1091 1382 1278 1459 praesentes
1307 1383 1423 1458 petunt

230 1468 307 1534 ferri
340 1469 542 1546 sententiam,
584 1485 655 1532 sese
678 1465 765 1530 finali
795 1466 973 1530 sententiae
1004 1466 1174 1547 subjiciant
1203 1466 1358 1546 scientes;
1388 1472 1422 1532 et

232 1555 384 1621 silentur
415 1556 574 1622 sententia
600 1561 675 1620 ante
704 1553 936 1619 conclusionem
960 1554 993 1618 in
1023 1572 1131 1634 causa,
1154 1574 1216 1619 non
1245 1559 1353 1619 tamen
1383 1574 1423 1620 ea

232 1645 375 1709 vitiatur.
400 1644 434 1709 Si
458 1645 542 1710 enim
558 1662 621 1708 non
646 1660 808 1723 expresse,
832 1647 940 1707 tamen
963 1643 1060 1707 tacite
1074 1643 1354 1707 renunciaverunt.
1379 1643 1424 1707 Et

231 1752 293 1798 non
316 1732 428 1812 refert,
455 1733 539 1812 quod
562 1730 619 1796 fiat
641 1731 748 1795 verbis
771 1731 823 1795 vel
844 1730 947 1797 lactis.

334 1841 367 1906 Si
390 1860 467 1923 pars
489 1860 554 1905 una
568 1840 646 1905 velit
669 1840 862 1905 renunciare
886 1845 919 1906 et
941 1840 1143 1920 concludere,
1168 1840 1320 1904 etaltera
1336 1841 1423 1906 dicat

232 1948 267 1993 se
290 1923 421 2008 habere,
448 1930 530 2009 quod
547 1928 624 1993 velit
646 1928 752 1992 adhuc
766 1947 966 2009 proponere:
989 1930 1020 1993 ei
1035 1948 1095 2010 per
1114 1928 1254 2010 judicem
1270 1929 1421 1994 statuitur

233 2018 398 2098 terminus,
423 2037 484 2097 quo
508 2017 541 2081 id
563 2015 671 2081 faciat.
918 2016 921 2022 '

330 2127 396 2193 Ubi
419 2126 451 2190 in
475 2143 572 2192 causa
595 2125 775 2190 conclusum
791 2129 850 2206 est,
875 2126 918 2190 ibi
942 2145 1001 2206 per
1021 2127 1172 2207 judicem,
1197 2127 1314 2192 nisiex
1333 2125 1421 2207 justa

233 2219 266 2280 et
289 2215 432 2295 legitima
456 2232 563 2294 causa,
587 2213 665 2278 nibil
690 2213 815 2278 admitti
839 2213 946 2281 debet.

332 2325 568 2391 Concludentes
603 2325 709 2389 omnia
744 2342 825 2405 quae
867 2325 973 2406 velint,
1010 2331 1085 2391 ante
1119 2326 1354 2391 conclusionem
1389 2327 1420 2390 in

232 2431 329 2480 causa
353 2419 542 2496 proponant,
563 2417 660 2493 atque
679 2416 823 2494 caveant,
845 2431 886 2478 ne
908 2415 1095 2495 petitionem
1115 2415 1223 2495 justae
1239 2415 1420 2479 sententiae

231 2522 330 2584 super
353 2503 494 2568 actitatis
510 2502 668 2566 omittant.
691 2502 824 2566 ludices
845 2521 959 2583 nempe
983 2522 1044 2568 non
1068 2504 1129 2568 nisi
1151 2502 1321 2583 implorati,
1347 2521 1418 2567 sen-

230 2592 363 2656 tentiam
386 2590 472 2655 ferre
496 2591 621 2654 debent.
1371 2632 1375 2638 -

328 2707 419 2760 Causa
439 2705 558 2760 efficiens
572 2705 778 2775 conclusionem,
792 2711 833 2760 est
847 2705 942 2773 jussus
959 2705 1059 2773 judicis
1073 2713 1101 2761 et
1114 2715 1206 2775 partes
1220 2709 1419 2764 concludentes.

295 2850 299 2860 Ι
331 2777 486 2844 Subjectum
516 2778 696 2832 conclusionis
725 2783 788 2831 sunt
817 2778 988 2846 intentiones,
1019 2777 1196 2847 allegationes
1226 2787 1254 2834 et
1277 2781 1420 2848 petitiones

229 2856 472 2986 partum(ll-bjectum
492 2926 555 2974 sunt
574 2937 657 2975 carisa
677 2927 705 2972 et
718 2921 791 2988 jura,
809 2919 841 2972 de
862 2920 958 2988 quibua
978 2937 1027 2988 per
1046 2926 1138 2988 partes
1157 2920 1287 2990 litigatur.

328 2992 437 3060 Forma,
458 2992 566 3060 quando
585 3000 648 3059 post
667 2992 853 3060 allegationem
873 2999 900 3045 et
919 2991 1128 3060 disputationem
1149 3002 1241 3060 portes
1261 3012 1309 3062 per
1329 3011 1367 3063 se,
1380 2994 1418 3047 vel

224 3062 304 3128 jussu
321 3063 429 3132 judicis,
449 3071 607 3131 praesentes
626 3063 799 3118 concludunt.

326 3135 402 3258 Finsss
422 3141 472 3205 est,
491 3143 522 3188 ut
536 3135 622 3204 judex
641 3136 753 3189 actitata
767 3142 864 3201 postea
883 3135 1015 3188 deliberet
1034 3143 1061 3190 et
1073 3137 1219 3190 secundum
1239 3155 1271 3192 ea
1286 3155 1417 3206 exaequo

228 3222 376 3272 pronuncre
391 3247 397 3260 .

557 3395 619 3467 De
646 3394 895 3469 consultatione
911 3395 1090 3494 judicum.

677 3577 845 3642 Titulus
867 3579 969 3643 XXX.

325 3732 402 3797 Post
438 3733 619 3798 conclusum
652 3732 685 3796 iu
721 3750 839 3812 causa,
866 3731 965 3810 judex
999 3752 1068 3798 cum
1106 3735 1321 3800 assessoribus
1355 3737 1419 3802 suis

228 3825 301 3886 acta
325 3821 494 3898 deliberat,
519 3826 552 3885 et
574 3820 606 3883 id
631 3821 750 3886 dicitur
773 3820 963 3885 consultatio
983 3820 1110 3901 judicis.
1143 3823 1193 3887 Ea
1224 3822 1270 3903 fit,
1294 3825 1419 3903 quoties

230 3927 327 3974 causa
349 3909 523 3973 secundum
547 3926 635 3972 suam
652 3909 842 3988 gravitatem
868 3927 887 3971 a
912 3909 1020 3988 jndice
1036 3929 1094 3991 pro
1111 3911 1301 3976 invenienda
1317 3929 1420 3992 aequa

228 3997 388 4063 sententia
411 3997 620 4078 ponderatur.

324 4084 431 4149 ludex
471 4085 601 4150 nonnisi
643 4084 815 4150 secundum
858 4083 997 4166 allegata
1030 4092 1064 4152 et
1097 4087 1234 4167 probata
1271 4088 1418 4169 judicare

227 4172 325 4238 debat
348 4161 405 4251 (A.
428 4171 483 4252 39,
509 4173 550 4236 B.
573 4167 647 4253 87.)

326 4258 458 4337 Quoties
477 4259 575 4340 judex
596 4261 635 4324 de
655 4259 727 4339 jure
752 4279 822 4325 cum
846 4261 1062 4326 assessoribus
1086 4263 1150 4326 suis
1174 4263 1310 4344 dubitat,
1343 4266 1418 4346 quia

229 4347 261 4412 id
285 4365 471 4426 expressum
493 4367 555 4413 non
579 4348 687 4428 habet,
712 4349 763 4413 vel
786 4366 971 4430 expressum
996 4368 1057 4415 non
1081 4351 1160 4415 satis
1183 4351 1343 4434 intelligit,
1368 4354 1419 4418 vel

229 4451 326 4507 super
349 4433 416 4512 ejus
441 4435 670 4501 contrarietate
691 4436 863 4517 perplexus
886 4437 1047 4503 redditur:
1072 4456 1136 4504 non
1159 4446 1209 4504 est
1232 4439 1418 4522 culpandus,

1599 2352 1603 2499 ὲ

1599 2575 1602 2700 l
