3212 5008
637 392 669 447 V.
689 390 857 460 Opbthnlrnii
877 391 1034 447 Processus.

355 583 397 690 1n
404 583 457 642 llus
475 553 583 644 additus
601 585 645 643 sat
661 584 808 652 1111111111,
827 583 856 640 lu
874 598 933 662 qno
942 583 1113 652 emittentur
1130 583 1209 642 baar
1215 584 1320 658 capim

338 685 380 783 De
399 697 496 798 poenis
516 735 542 783 et
560 745 652 784 corum
673 730 820 799 attributis,
840 735 884 789 69.
943 703 945 708 Ι

336 847 377 901 lle
395 847 511 916 publicis
530 847 637 903 delictis
655 847 815 902 ordinariis:
837 849 878 902 De
892 848 1002 902 crimine
1023 846 1114 900 laesae
1132 845 1294 916 Maiestatis,
1314 851 1357 905 67.
1385 847 1440 900 De

185 953 188 958 ’
240 938 381 1009 adulterio,
406 946 502 1009 stupro
530 947 557 994 et
575 946 665 1010 raptu,
684 944 727 999 67.
755 940 798 993 De
816 939 842 994 vi
861 938 980 1008 publica,
999 943 1043 998 69.
1077 938 1119 992 De
1139 937 1165 990 vi
1182 938 1299 1006 privata,
1317 941 1360 995 79.
1389 939 1443 992 De

239 1034 329 1088 usuris
346 1041 375 1087 et
389 1034 510 1089 crimine
533 1036 705 1104 partitorum,
726 1039 768 1094 79.
802 1035 844 1088 De
861 1030 1015 1101 homicidio,
1035 1036 1078 1090 71.
1112 1032 1154 1085 De
1175 1031 1319 1086 violatione
1338 1032 1439 1100 sepul-

239 1127 375 1196 chrorum,
387 1131 431 1186 73.
455 1129 498 1184 De
516 1130 626 1184 crimine
644 1127 715 1198 fulsi,
728 1132 771 1187 79.
790 1128 840 1181 .De
856 1126 966 1180 crimine
986 1125 1112 1195 ambitus,
1121 1129 1164 1183 71.
1185 1125 1226 1178 De
1245 1126 1437 1193 receptatione

239 1225 266 1273 et
283 1220 463 1276 occultatione
480 1220 625 1291 latronum,
644 1225 687 1280 74.
717 1221 759 1274 De
778 1220 1035 1290 poenaebrietatis,
1055 1225 1097 1277 71.
1180 1223 1183 1228 ’
1288 1265 1292 1272 .

341 1336 383 1389 De
396 1335 501 1390 delictis
514 1336 627 1404 privatis
640 1335 800 1392 ordinariis:
813 1335 855 1388 De
867 1333 949 1403 furto,
959 1338 1002 1394 75.
1011 1331 1054 1389 De
1066 1315 1124 1403 lege
1136 1335 1245 1404 Aquilia
1258 1341 1286 1388 et
1297 1334 1432 1402 pauperie

238 1427 453 1499 quadrupedum,
470 1433 513 1488 76.
540 1430 581 1483 De
598 1429 742 1499 injuriisct
760 1434 825 1498 quot
844 1427 931 1482 modis
949 1426 1027 1496 fiunt,
1046 1429 1089 1484 77.

338 1544 380 1599 De
399 1543 504 1600 delictis
524 1547 762 1601 extraordinariis:
787 1546 829 1600 De
851 1525 962 1600 ciimine
980 1508 1203 1615 repetundarum,
1214 1549 1257 1603 79.
1285 1545 1327 1599 De
1345 1561 1431 1613 pecu-

125 1637 129 1642 '
238 1637 303 1706 latu,
316 1643 359 1700 79.
386 1640 428 1694 De
441 1637 581 1710 seditione,
600 1643 643 1698 79.
669 1640 712 1694 De
724 1639 910 1708 concussione,
930 1642 972 1697 79.
1000 1637 1042 1693 De
1056 1639 1297 1723 praevaricatione,
1315 1641 1359 1697 89.
1383 1639 1429 1691 De

162 1797 166 1810 ι
235 1721 462 1801 stellionatu'ssd.
490 1731 532 1787 De
551 1729 685 1803 abigeatu,
703 1735 747 1791 89.
773 1731 815 1788 De
834 1730 959 1785 incendio
979 1736 1006 1784 et
1024 1727 1206 1800 incendiariis,
1226 1733 1269 1790 89.
1288 1737 1291 1742 '

546 2105 718 2195 INDEX
748 2109 955 2208 ΜΑΤΕΒΙ
936 2114 1111 2201 IARUM
1226 2184 1229 2189 -
1286 2203 1289 2210 .

354 2273 451 2334 hoc
479 2274 742 2351 opusculo
772 2275 1294 2353 comprehensarum.

652 2385 655 2390 ·
1282 2388 1286 2395 ·
1347 2363 1419 2431 Peg.

235 2454 385 2522 Abigeatus
404 2453 504 2506 crimen
524 2458 551 2506 et
569 2468 658 2521 poena
676 2454 734 2508 eius
766 2497 772 2510 .
811 2437 839 2510 .’
855 2495 1349 2512 ............
1387 2460 1424 2514 80

234 2547 345 2600 Absens
364 2547 568 2615 contumaciter,
587 2547 721 2615 quomodo
739 2547 870 2615 puniatur·
899 2589 1348 2606 ...........
1390 2552 1422 2606 15

234 2639 343 2693 Absens
361 2639 403 2692 bis
422 2640 521 2693 citatus
542 2656 592 2707 pro
610 2639 746 2694 audienda
765 2625 957 2711 appellatione,
977 2643 1100 2710 privatur
1119 2645 1171 2696 sibi
1189 2643 1351 2707 adiudicatis

286 2734 315 2787 in
334 2749 367 2788 ea
408 2759 1347 2792 ...........................
1386 2741 1421 2795 60

233 2828 399 2896 Actorquis
455 2870 637 2884 .....
676 2854 699 2883 .’
721 2869 1259 2884 .............
1280 2857 1348 2887 ⁴..
1402 2835 1419 2888 8

233 2920 319 2975 Actor
337 2921 461 2990 sequitur
479 2919 565 2976 forum
584 2921 624 2974 rei
676 2961 1348 2978 ................
1388 2925 1419 2981 12

233 3014 320 3068 Actor
338 3014 366 3066 iu
385 3014 483 3082 quibus
501 3029 556 3068 non
575 3014 698 3082 sequitur
715 3011 804 3067 forum
823 3013 862 3066 rel
899 3037 916 3067 .·
944 2999 950 3067 ζ
989 3056 1260 3072 .......
1387 3049 1420 3055 -

233 3107 334 3163 Actore
353 3124 406 3162 non
426 3108 557 3175 probeute
575 3123 638 3162 reus
656 3106 807 3162 absolvitur
828 3135 832 3144 ·
853 3136 878 3164 .·
897 3149 1345 3166 ...........
1384 3114 1416 3168 27

231 3201 340 3255 Actoris
359 3199 477 3255 officium
583 3241 1124 3258 .............
1208 3245 1214 3258 .
1340 3246 1347 3259 .
1401 3205 1418 3259 8

232 3293 379 3347 Accusatio
398 3293 472 3363 quid·
507 3337 513 3350 .
551 3319 563 3348 .·
595 3318 607 3348 .·
764 3334 1080 3349 ........
1109 3303 1125 3349 ’.
1339 3337 1345 3349 .
1383 3299 1418 3354 65

226 3376 366 3441 *Advocati
383 3386 512 3441 salarium
531 3387 603 3456 quod
621 3387 722 3442 licitum
766 3428 1123 3444 .........
1207 3431 1213 3442 .
1321 3420 1347 3445 >.
1386 3391 1419 3447 18

219 3457 364 3535 ‘Advocati
382 3477 500 3534 officium
519 3479 618 3548 inquo
638 3479 762 3533 consistit
806 3521 1122 3537 ........
1140 3471 1143 3478 ⁴
1161 3523 1346 3536 .....
1388 3513 1411 3522 -

221 3557 399 3625 'Adulterium
420 3554 530 3641 quidet
548 3572 695 3641 quaecius
714 3587 802 3639 poena
850 3614 1122 3630 .......
1155 3567 1167 3627 ’.
1185 3562 1211 3628 ’.
1340 3579 1416 3633 ,67

230 3665 353 3720 Affectus
372 3665 485 3734 punitur
502 3665 584 3720 etiam
602 3681 656 3721 non
675 3671 789 3734 sequuto
809 3665 905 3720 ellectu
943 3709 1258 3724 ........
1281 3701 1300 3724 ·.
1339 3711 1344 3722 .
1383 3673 1417 3727 64

230 3757 352 3812 Affectus
370 3759 503 3826 probatur
521 3773 554 3812 ex
572 3758 679 3812 iudiciis
717 3802 722 3814 .
760 3803 765 3816 .
803 3785 828 3814 .·
848 3801 1166 3817 ........
1195 3805 1210 3818 ..
1382 3793 1413 3803 —-

229 3849 379 3904 Affinitatis
398 3866 498 3917 genera
538 3892 1343 3911 ...................
1357 3859 1416 3914 99

229 3943 721 4013 Aggressorliciteoccidipotest.
1027 3991 1033 4003 .
1073 3989 1079 4002 .
1206 3991 1212 4003 .
1338 3991 1344 4003 .
1383 3952 1412 4006 71

229 4037 331 4104 Agnati
350 4053 366 4090 u
385 4039 507 4106 cognatis
527 4037 660 4108 quomodo
680 4034 807 4091 differunt
850 4079 1255 4096 ..........
1277 4069 1300 4097 ·.
1381 4047 1414 4101 97

229 4129 365 4198 Allegatio
385 4146 438 4199 quo
456 4130 550 4186 ordine
568 4131 618 4184 ilat
669 4173 1256 4191 ..............
1278 4161 1300 4191 ·.
1372 4138 1417 4193 bs

174 4276 176 4280 ,
229 4223 354 4277 Ambitus
373 4223 438 4293 quid
458 4229 571 4294 atquae
590 4225 648 4278 eius
668 4240 777 4291 poena
806 4249 821 4280 .·
894 4268 1212 4285 ........
1216 4227 1221 4236 ''
1340 4255 1348 4283 :
1372 4231 1418 4286 *74

228 4315 363 4370 Auomala
380 4314 465 4371 tutela
484 4316 548 4386 quid
580 4359 587 4371 .
715 4360 721 4372 .
760 4358 765 4369 .
803 4357 809 4368 .
850 4317 880 4371 ζ·
894 4362 1345 4377 ...........
1382 4323 1418 4379 47

218 4407 685 4480 -Appellatioquidetquotuplex
807 4455 813 4467 .
852 4454 857 4466 .
983 4439 999 4468 .·
1116 4457 1122 4469 .
1251 4459 1256 4470 .
1293 4458 1298 4470 .
1339 4417 1417 4473 .·59
