3188 5008
566 1155 971 1264 &noeoeane

174 1360 259 1434 laria
282 1360 476 1449 llunlclpnlla
501 1359 674 1448 Propontis
697 1379 753 1448 par
776 1359 925 1447 lnclytum
949 1362 1120 1436 Bolomlaa
1150 1307 1281 1451 tapnim
1305 1351 1366 1436 loc

172 1475 319 1559 tompore
335 1471 474 1545 uallata
496 1474 530 1542 ol
552 1488 623 1542 cum
639 1472 712 1542 lura
728 1469 915 1574 Provlnolall
935 1490 976 1543 ac
991 1472 1079 1547 clrlll
1095 1473 1243 1560 Romano,
1264 1475 1365 1562 quoad

453 1687 457 1691 ι
537 1584 608 1674 alus
629 1583 700 1656 tlarl
724 1584 833 1672 polull,
858 1587 1005 1658 collatus.

669 1783 876 1793 ⁸-—

236 1958 298 2030 Dc
315 1955 459 2055 judicio
485 1969 515 2028 ot
534 1955 695 2054 personia
720 1955 760 2029 in
787 1979 822 2025 eo
849 1952 1003 2050 iopitimo
1026 1953 1316 2050 comparentibus.

568 2171 569 2180 ,
666 2117 833 2183 Titulus
857 2119 882 2182 Ι.

276 2252 354 2317 Cum
372 2271 421 2332 ea,
445 2271 526 2332 quae
548 2253 579 2317 in
597 2252 848 2318 controversiam
870 2253 1012 2330 veniunt,
1033 2251 1223 2332 plerumque
1247 2251 1368 2332 judicio

176 2340 387 2419 decidantur,
411 2340 497 2405 haud
521 2341 683 2406 immerito
708 2359 727 2406 a
750 2341 843 2406 titulo
870 2338 983 2419 judicii
1006 2357 1159 2420 praesens
1182 2339 1368 2420 opusculum

176 2447 392 2509 auspicamur.

273 2516 334 2582 Est
356 2517 441 2582 enim
461 2517 666 2598 judicium
696 2517 957 2596 decidendorum,
988 2510 1073 2595 quod
1098 2516 1225 2594 dicitnr,
1260 2531 1366 2591 μετρον

176 2600 305 2681 ἄριστον,
321 2624 473 2671 mensura
490 2605 621 2686 optima,
634 2609 667 2670 et
682 2604 757 2669 inde
772 2603 956 2686 appellatur
972 2605 1110 2669 modium
1126 2606 1212 2668 inter
1228 2611 1368 2670 actorem

179 2699 212 2758 et
235 2712 336 2758 reum.

275 2781 395 2847 Verum
420 2788 454 2846 ut
479 2781 660 2847 definiendo
676 2781 899 2863 procedamus,
920 2780 1074 2862 judicium
1091 2779 1170 2845 nihil
1194 2780 1367 2847 aliudesse

174 2870 318 2949 dicimuS,
337 2889 431 2950 quam
448 2876 553 2935 actum
569 2869 746 2950 legitimum
762 2869 858 2933 trium
873 2887 1094 2952 personarum,
1106 2869 1232 2949 judicia,
1250 2869 1368 2934 actoris

173 2963 208 3022 et
230 2958 290 3036 rei,
315 2976 412 3039 super
434 2958 519 3022 civili
537 2958 587 3023 vel
602 2957 759 3022 criminali
775 2975 873 3022 caina
888 2957 1158 3023 contendentium.
1183 2951 1203 3034 (
1211 2957 1290 3021 Vide
1304 2958 1367 3022 Jor

174 3045 363 3130 Manicaplc
386 3045 553 3133 Proponee
576 3045 634 3110 aab
657 3045 702 3110 tit.
729 3047 767 3109 B.
791 3045 842 3110 87.
870 3047 943 3112 diat.
969 3035 1021 3121 2.)

275 3134 382 3199 Judex
405 3134 578 3214 contendit,
618 3139 653 3198 ut
688 3134 857 3199 veritatem
884 3134 1043 3213 inquirat,
1080 3138 1171 3196 actor
1196 3133 1370 3214 contendit,

176 3228 212 3286 ut
235 3240 310 3286 reus
333 3221 393 3286 sibi
418 3223 667 3302 condemnetur3
698 3239 773 3288 reus
806 3240 881 3286 vero
917 3219 1090 3300 contendit,
1115 3225 1150 3284 nt
1173 3221 1368 3289 absolvatur.

176 3303 248 3390 (30.
275 3330 303 3390 q.
329 3311 357 3376 5.
384 3333 408 3378 c.
426 3309 627 3396 judicantem
653 3319 681 3374 et
703 3315 732 3376 4.
759 3331 788 3398 q.
812 3313 841 3375 4.
869 3333 892 3376 o.
919 3303 969 3388 1.)

275 3399 295 3463 J
304 3399 405 3463 udex
424 3399 541 3464 dicitur
557 3398 605 3462 vir
620 3399 733 3476 bonne,
752 3398 982 3481 disceptandae
997 3397 1052 3462 rei.
1064 3415 1162 3462 cansa
1177 3398 1281 3464 datae.
1307 3391 1371 3474 (De

179 3486 268 3568 cujus
292 3487 395 3552 officio
419 3488 491 3552 vide
514 3488 577 3551 Jtta
593 3487 694 3575 Prnp.
721 3512 743 3553 a
767 3488 812 3553 tit.
834 3491 873 3554 Α.
900 3489 931 3552 4.
955 3508 1055 3575 noque
1077 3485 1125 3550 aci
1144 3489 1185 3551 A.
1210 3479 1284 3568 40.)
1306 3489 1373 3554 Ubi

180 3575 266 3640 inter
290 3581 420 3640 caetera
442 3576 524 3640 haec
547 3575 745 3654 potissimum
769 3578 801 3641 in
821 3575 929 3656 jndice
951 3575 1177 3655 requiruntur:

277 3663 311 3730 Ι.’
328 3664 374 3728 Ut
397 3663 529 3744 consuli,
553 3681 645 3742 quem
662 3682 719 3729 nos
735 3663 920 3744 magistrum
936 3663 1051 3728 civium
1069 3661 1278 3744 appellamus,
1300 3681 1371 3729 cum

177 3750 361 3830 reuerentia
384 3752 582 3831 obsequatur
605 3740 629 3830 (
623 3753 662 3817 A.
688 3753 710 3816 4
734 3761 762 3816 et
785 3742 838 3831 5.)

275 3839 317 3905 Il.
350 3841 396 3906 Ut
426 3857 546 3904 arcana
576 3839 634 3903 sub
667 3858 772 3920 poena
795 3839 910 3920 capitis
934 3839 1048 3905 caelet.
1080 3830 1162 3922 (Jna
1186 3839 1285 3928 Prop.
1312 3838 1370 3904 aab

178 3925 225 3990 ln.
249 3929 288 3992 A.
312 3928 336 3992 8
358 3935 387 3992 ot
411 3928 511 3994 Oonat.
538 3925 645 4013 Rapui
666 3927 725 3992 aab
748 3928 793 3993 tit.
820 3929 859 3993 B.
878 3927 931 3994 28.
932 3920 954 4009 )

177 4091 201 4180 (
264 4012 338 4183 1131).
361 4015 407 4082 Ut
429 4013 664 4094 fidejussionem
689 4022 800 4080 contra
824 4016 1055 4097 rempublicam
1070 4015 1189 4080 nemini
1214 4021 1370 4097 praestet.

273 4191 327 4256 IV.
351 4191 397 4256 Ut
420 4185 600 4264 δωροδοκίαν
631 4191 677 4254 uti
697 4191 844 4271 jnctitine
867 4198 992 4272 pestem
1015 4191 1126 4272 fugiat.
1153 4180 1209 4265 (A.
1235 4184 1308 4270 11.)

178 4356 200 4443 (
265 4280 391 4443 IV.)Ut
420 4278 564 4344 actiones
594 4283 627 4343 et
657 4281 882 4362 exceptioonea
908 4280 1047 4361 partium
1078 4283 1221 4346 attentus
1248 4280 1367 4346 audiat.

280 4452 334 4520 VI.
362 4457 406 4522 Ut
428 4456 546 4521 nullam
567 4454 798 4536 obligationem
823 4456 855 4520 in
877 4456 1107 4540 rempublicam
1130 4457 1249 4537 absque
1273 4458 1375 4523 tribn-

179 4559 292 4606 norum
317 4544 383 4608 aive
407 4545 570 4610 seniorum
585 4544 768 4625 juratorum
791 4544 894 4625 plebis
916 4561 1049 4610 assensu
1063 4542 1204 4610 inducat.
1229 4539 1246 4624 (
1247 4549 1285 4610 A.
1303 4545 1354 4608 21.
1358 4537 1378 4622 )
