3270 5020
599 431 774 530 ‘Respublica
792 431 912 499 Bojema.
933 433 998 499 Cap.
1019 431 1097 520 XIV.¹
1381 432 1445 502 259
1525 497 1535 516 ⁸

254 590 292 638 ao
307 572 447 638 tuendae
464 572 551 654 apud
568 571 711 651 cilentes,
732 572 786 648 qui
801 588 842 636 ee
857 572 1031 652 possident,
1048 572 1173 654 Regum
1189 578 1223 638 et
1233 574 1444 654 Reipublicae

254 660 404 740 Boj.emae
417 661 587 740 majestati,
601 659 748 723 instituta
761 664 812 724 est
823 653 857 738 ¹),
872 678 967 739 quam
980 666 1103 740 vocant,
1117 661 1444 728 Germanicorum

254 749 480 814 Feudorum
504 747 807 827 Praefectura,
832 765 895 826 qua
910 749 1111 813 Beronemne
1132 767 1172 813 an
1188 750 1339 830 Equitem
1354 750 1443 830 fungi

254 833 420 917 oporteat,
451 837 490 902 lis
520 844 570 902 est
597 836 738 901 nondum
768 834 863 916 plane
892 837 1002 902 dicisa.
1034 837 1236 902 Meminimus
1267 857 1324 903 nos
1355 845 1443 905 certe

253 925 370 989 Baroni
394 943 507 990 munus
529 926 600 1005 boc,
623 941 685 989 non
709 924 829 1002 Equiti,
858 925 1015 990 hactenus
1044 924 1141 990 fuisse
1171 925 1331 991 collatum.
1360 926 1444 1006 Quia

254 1031 327 1078 vero
364 1013 451 1079 circa
481 1014 573 1093 bona,
599 1032 680 1093 quae
709 1012 906 1092 reipublicae
938 1014 1119 1094 proprietas
1152 1019 1236 1094 sunt,
1272 1019 1444 1079 versantur

255 1100 347 1181 hujus
364 1103 505 1167 muneris
521 1120 629 1180 curae,
655 1119 694 1166 ne
719 1101 792 1180 quid
809 1100 1005 1181 reipublicae
1027 1103 1057 1165 in
1083 1100 1229 1168 fraudem
1248 1121 1267 1166 a
1283 1119 1443 1182 quoquam

253 1188 305 1253 hic
328 1190 430 1270 possit
451 1192 608 1268 innovari,
631 1188 945 1254 Archi-Cancellario
961 1190 1076 1270 Regni,
1100 1208 1159 1270 pro
1174 1208 1273 1270 more,
1298 1189 1445 1255 similiter

255 1277 409 1341 incumbit
424 1278 591 1358 inspectio.
607 1278 730 1357 Regiae
743 1295 840 1356 porro
855 1278 977 1356 domus,
995 1276 1055 1341 boc
1070 1285 1121 1343 est
1136 1277 1255 1342 Arcis
1271 1277 1442 1358 Progen-

252 1367 323 1445 sie,
353 1371 389 1431 ut
418 1373 452 1430 et
482 1365 676 1446 Corporis
705 1365 827 1444 Regii
851 1365 1127 1430 Custodiendi
1157 1365 1443 1444 Praefectura,

252 1454 479 1534 probatissima
512 1453 575 1518 fide
609 1453 779 1532 Equestris
815 1453 945 1520 Ordinis
987 1453 1064 1518 viris
1098 1473 1227 1534 semper
1267 1453 1362 1519 solita
1395 1457 1446 1517 est

255 1541 450 1619 demandari,
476 1560 610 1622 quorum
626 1541 678 1605 ille
695 1541 779 1605 arcis
798 1541 1030 1621 praesidiariis,
1053 1541 1106 1606 hic
1121 1542 1220 1622 Regis
1236 1542 1445 1623 stipatoribus

253 1648 323 1694 cum
340 1631 477 1711 imperio
493 1635 613 1711 praest.
639 1630 759 1694 Verum
775 1630 850 1708 quia
866 1630 997 1694 erebus
1014 1631 1107 1694 seriis
1129 1631 1286 1711 respirari
1300 1647 1443 1696 nonnun-

253 1737 347 1798 quam
372 1725 405 1782 et
428 1719 524 1783 animi
542 1718 738 1782 recreationi
761 1724 887 1799 tempus
902 1718 1013 1798 largiri
1038 1722 1147 1782 amant
1161 1718 1278 1800 Reges,
1302 1717 1442 1784 oblecta-

251 1806 368 1871 bilibus
402 1806 499 1871 etiam
533 1807 631 1870 rebus
667 1806 877 1886 procurandis
908 1804 1016 1870 officia
1050 1806 1208 1885 quaedam
1236 1807 1441 1888 deputarunt.

253 1894 363 1974 Equos
394 1894 553 1974 siquidem
586 1911 759 1974 generosos
790 1894 925 1974 agitare,
960 1893 1111 1975 ferasque
1147 1899 1263 1959 venatu
1292 1893 1443 1974 fatigare,

253 1988 418 2062 magnates
455 1983 602 2064 plerique
640 2000 751 2046 omnes
789 1987 914 2062 ponunt
951 1981 1010 2047 bac
1049 1985 1240 2063 tempestate
1273 1984 1306 2047 in
1340 1982 1444 2062 prima

171 2108 174 2112 -
250 2069 482 2149 oblectatione;
518 2071 568 2144 cui
603 2071 651 2133 rei
686 2075 720 2133 et
748 2069 928 2134 bominibus
959 2076 992 2135 et
1021 2070 1233 2136 instrumento
1265 2068 1364 2135 multo
1394 2073 1444 2135 est

249 2175 338 2237 opus.
372 2158 526 2223 Omnibus
560 2158 609 2221 bis
645 2159 786 2222 scienter
822 2159 1028 2237 accurandis,
1064 2157 1166 2224 babet
1194 2158 1344 2239 BoJemus
1374 2157 1444 2222 Rex

219 2315 221 2322 ,
251 2245 373 2326 Equitii
404 2265 460 2310 seu
489 2239 656 2324 St’abuli
687 2252 721 2310 et
748 2246 997 2312 Venationis
1026 2246 1323 2326 Magisterium.
1354 2244 1443 2324 Quae

251 2334 335 2414 quod
366 2353 533 2413 equorum,
569 2338 765 2411 vexatusque
799 2352 887 2412 cure,
923 2353 993 2398 cum
1023 2333 1268 2400 succenturiatis
1298 2332 1444 2397 omnibus

250 2429 457 2503 occupentur,
482 2423 547 2486 suis
571 2421 642 2500 ipsa
665 2422 845 2487 nominibus
869 2427 981 2501 aperte
1006 2422 1187 2487 ostendunt.

349 2512 403 2575 Vl.
427 2510 499 2574 Etsi
523 2528 598 2574 voro
623 2509 716 2589 plura
740 2510 844 2574 adhuc
867 2509 1020 2587 variaque
1045 2509 1321 2588 cubiculariorum,
1350 2507 1443 2572 obso-

250 2603 408 2674 natorum,
433 2597 663 2678 dapiferorum,
686 2597 918 2677 pocillatorum,
940 2603 1176 2678 astynomorum
1193 2604 1226 2663 et
1241 2600 1444 2662 caeterorum

251 2685 355 2750 officia
378 2687 410 2751 in
426 2686 525 2766 Regis
550 2685 624 2750 aula
646 2685 819 2750 familiaria
842 2703 912 2750 esse
935 2703 999 2750 non
1021 2688 1215 2766 ignoramus,
1240 2685 1317 2766 quia
1336 2690 1443 2758 tamen

250 2774 413 2854 singulare
437 2792 495 2838 nec
519 2775 691 2854 protritum
715 2772 784 2838 iere
799 2773 877 2838 nihil
901 2791 1007 2838 secum
1024 2773 1164 2855 trahunt,
1189 2776 1230 2840 ab
1254 2773 1293 2838 iis
1309 2790 1442 2854 percen-

249 2863 357 2926 sendis
379 2862 602 2942 supersedere,
634 2879 728 2941 quem
752 2862 880 2926 minutis
903 2861 936 2924 id
960 2880 1070 2942 genus,
1101 2863 1240 2929 lectores
1263 2859 1442 2926 obtundere

248 2950 414 3029 malumus,
439 2956 474 3015 et
490 2950 531 3013 ad
548 2948 750 3030 explicanda,
775 2968 858 3028 quae
881 2949 914 3012 in
937 2951 1105 3031 republica
1126 2956 1238 3016 nostra
1254 2969 1312 3030 pro
1329 2947 1441 3014 officiis

246 3038 453 3103 inferioribus
487 3037 659 3117 habentur,
696 3039 878 3102 transimus.
920 3035 1000 3101 Sunt
1035 3045 1142 3104 autem
1177 3039 1232 3102 illa
1267 3037 1441 3118 praecipue

250 3125 460 3191 continendae
482 3124 516 3190 in
539 3125 709 3206 disciplina
730 3126 835 3206 plebis
858 3125 1058 3206 promiscuae
1077 3126 1282 3204 multitudini,
1304 3124 1443 3189 vitandis

249 3214 457 3294 popularibus
480 3213 595 3291 turbis,
619 3220 653 3278 et
674 3212 872 3292 plantandae
895 3213 992 3277 etiam
1015 3214 1102 3278 inter
1124 3215 1237 3296 vulgus
1259 3215 1441 3292 obscurum,

248 3302 437 3367 concordiae
461 3303 600 3366 inventa.
628 3300 737 3366 Solent
759 3301 816 3366 illa
839 3301 1009 3380 quotannis
1032 3301 1197 3381 exquisitis
1212 3302 1303 3383 prius
1326 3319 1366 3365 ex
1380 3299 1443 3365 loci

247 3388 399 3470 cuiusque
430 3389 542 3455 incolis
571 3389 769 3454 delectorum
801 3394 834 3452 et
863 3389 935 3453 ideo
966 3395 1169 3455 sacramento
1192 3389 1262 3454 iere
1285 3386 1443 3470 peculiari

247 3479 449 3559 alligatorum
458 3477 630 3557 suffragiis
644 3497 663 3542 a
675 3477 866 3556 magistratu
879 3477 1045 3557 superiore
1059 3478 1234 3559 oppidatim
1247 3476 1439 3557 vicatimque

249 3567 325 3630 viris
357 3564 462 3631 famae
500 3565 647 3645 integrae
685 3571 718 3628 et
754 3562 1005 3642 intelligentibus
1043 3563 1192 3631 conferri.
1230 3565 1441 3646 Magistratus

246 3659 353 3718 autem
369 3653 422 3718 ille
438 3654 594 3734 superior,
619 3654 672 3732 qui
697 3671 736 3718 ea
755 3651 879 3716 confert
901 3652 934 3714 in
957 3651 1068 3718 liberis
1093 3654 1227 3719 urbibus
1251 3657 1285 3718 et
1304 3653 1337 3717 in
1359 3654 1440 3732 regii

245 3742 428 3822 patrimonii
451 3741 586 3822 oppidis
611 3747 661 3804 est
676 3742 744 3805 Rex
760 3733 827 3819 (bic
843 3742 938 3819 enim,
962 3739 1069 3804 rarius
1084 3741 1214 3820 quidem
1230 3760 1291 3822 per
1307 3759 1341 3805 se
1357 3740 1437 3821 ipse,

248 3829 394 3894 usitatius
412 3848 485 3893 vero
502 3847 562 3908 per
578 3846 650 3893 suos
666 3847 736 3892 cum
754 3825 951 3894 authoritate
968 3828 1057 3890 adid
1075 3846 1133 3910 pro
1150 3849 1240 3896 more
1256 3829 1438 3909 deputatos,

250 3917 300 3980 bic
317 3936 356 3981 ea
373 3917 455 3982 solet
470 3908 691 3994 distribuere),
715 3915 747 3980 in
772 3915 909 3980 caeteris
924 3916 985 3981 loci
1009 3917 1161 3998 cujusque
1178 3918 1332 3984 dominus.
1356 3916 1438 3981 Nam

247 4005 322 4083 quia
352 4005 553 4084 experientia
582 4004 652 4084 ipsa
679 4004 825 4080 docebat,
856 4003 975 4070 nullum
1004 4006 1101 4071 etiarn
1131 4008 1294 4072 minimum
1325 4005 1438 4085 vicum,

247 4093 381 4158 necdum
419 4092 593 4169 civitatem,
631 4097 719 4157 stare
757 4092 811 4156 diu
849 4093 971 4173 absque
1003 4095 1200 4162 incommodo
1233 4110 1340 4175 posse,
1378 4093 1440 4159 nisi

246 4180 367 4246 babeat
390 4180 479 4261 cujus
503 4179 642 4245 consiliis
666 4179 927 4259 authoritateque
951 4184 1160 4261 gubernetur,
1194 4187 1369 4262 eapropter
1392 4185 1439 4248 sui

245 4269 360 4349 cuique
378 4270 457 4348 vico,
474 4268 590 4348 cuique
606 4268 735 4349 oppido,
755 4269 869 4347 cuique
885 4270 959 4335 urbi
975 4270 1129 4350 praefecti
1145 4277 1219 4336 sunt
1236 4271 1439 4350 antesignani

348 4472 372 4538 ι)
392 4471 521 4526 Convent.
541 4487 603 4526 ann.
624 4473 701 4539 1595,
723 4473 798 4527 leol-
1173 4548 1241 4620 17*
