3212 5008
616 473 658 528 De
677 473 825 530 maleficiis.

870 603 1014 660 Peculatus

434 677 660 745 extraordinaria,
673 677 770 746 quibus
781 676 828 728 im·
869 675 910 730 Re
932 675 1094 730 etundarum

471 746 829 816 poniturpoenapromodo
871 694 972 802 Seditio

471 819 562 873 delicti
591 819 702 874 arbitrio
729 818 829 886 judicis
871 820 1020 874 concussio

333 863 381 908 ω
471 891 523 958 (Μ.
543 897 568 949 ll.
588 891 658 944 Dist.
677 893 701 947 2.
729 891 767 945 M.
788 894 830 946 19.
870 890 1071 945 Praevaricatio

471 963 540 1017 Dist.
554 968 578 1020 1.
597 960 627 1016 P.
641 964 705 1032 iel.
726 962 830 1016 Horum
871 961 1047 1016 Stellionatus

472 1034 576 1101 species
596 1039 675 1087 sunt:
871 1034 1021 1101 Abigeatue

871 1101 1038 1159 Incendium.

413 1306 476 1378 Da
495 1305 651 1403 publicis
676 1305 813 1380 doliola
839 1305 1048 1391 ordinariis,

321 1422 355 1470 et
379 1416 526 1484 primum
551 1415 591 1470 de
617 1418 761 1471 crimine
787 1417 909 1472 laesae
933 1417 1145 1484 Majeetaais.

239 1555 368 1621 Crimen
382 1554 491 1622 laesae
500 1557 682 1637 Maiestatis
697 1562 748 1622 est
761 1555 851 1633 illud,
868 1553 954 1635 quod
969 1559 1081 1620 contra
1097 1553 1330 1636 Imperatorem

138 1643 191 1707 vel
224 1643 422 1726 republicam
454 1650 511 1710 aut
545 1650 664 1712 statum
694 1643 777 1709 illius
805 1645 994 1709 comittitur.
1032 1641 1101 1721 Quo
1131 1648 1260 1709 tenetur
1288 1645 1329 1710 de

137 1736 252 1798 nostro
271 1733 346 1813 Jure
370 1737 404 1798 et
426 1731 464 1816 ie,
483 1732 572 1814 quus
595 1751 665 1814 ope,
692 1732 834 1812 consilio,
859 1729 931 1798 dolo
955 1729 1049 1809 malo,
1074 1731 1228 1797 adversus
1244 1751 1329 1798 eom·

135 1837 266 1884 munem
295 1820 561 1901 tranquillitatem
602 1821 722 1901 aliquid
756 1817 900 1899 molitur;
941 1819 1055 1899 veluti,
1089 1820 1116 1884 si
1150 1819 1219 1899 quis
1253 1839 1328 1901 per·

138 1905 310 1972 duellionis
337 1926 412 1985 reue
443 1914 493 1975 est
522 1914 555 1974 et
576 1911 740 1990 procurat,
771 1911 807 1972 ut
836 1906 953 1973 armati
980 1905 1124 1971 homines
1153 1925 1223 1972 cum
1256 1909 1329 1975 telis

136 1993 338 2077 lapidibusve
368 1997 401 2062 in
422 1998 504 2063 urbe
527 1997 607 2062 sint
621 1995 873 2074 conveniantque
903 1993 1058 2060 adversus
1086 1995 1329 2076 rempublicam,

137 2088 173 2147 et
207 2084 324 2148 similia
353 2075 417 2166 (M.
439 2075 514 2166 27.)
548 2085 658 2150 Poena
690 2082 784 2164 liujus
820 2082 961 2147 criminis
996 2082 1199 2148 amissionem
1233 2083 1329 2162 vitae,

137 2169 245 2235 famae
269 2176 302 2236 et
323 2172 479 2237 bonorum
502 2173 639 2237 sustinet
660 2165 679 2251 (
680 2171 722 2239 N.
747 2170 777 2236 3.
804 2171 876 2256 Joa.
895 2171 990 2236 Pron.
1015 2170 1058 2235 K.
1075 2168 1121 2236 30
1143 2178 1172 2235 et
1194 2169 1237 2236 K
1255 2164 1329 2252 41.)

239 2259 312 2330 Huc
334 2259 475 2340 pertinet
504 2265 537 2326 et
559 2259 760 2344 blasphemia
788 2259 821 2322 in
845 2260 950 2323 Deum
979 2276 1035 2323 seu
1067 2257 1187 2322 crimen
1223 2258 1330 2325 laesae

137 2346 322 2428 Majestatis
345 2347 491 2426 Divinae,
522 2348 604 2427 quod
633 2348 765 2430 punitur
795 2347 995 2412 extractione
1024 2344 1153 2426 linguae
1176 2364 1236 2427 per
1260 2365 1327 2413 cer·

136 2435 240 2502 vicem
264 2427 328 2516 (M.
353 2426 406 2516 2.)

218 2524 289 2587 ¹De
318 2523 398 2588 Jnre
428 2523 590 2588 Caesareo
623 2523 744 2588 crimen
775 2521 883 2589 laesae
913 2520 1093 2602 Maiestatis
1127 2521 1226 2586 etiam
1259 2527 1334 2604 post
1420 2529 1424 2535 ’

138 2616 277 2682 mortem
299 2611 481 2676 nocentium
503 2611 681 2676 instaurari
702 2610 754 2675 vel
777 2609 921 2676 inchoari
944 2613 1060 2689 potest.

418 2844 480 2915 Da
506 2843 701 2926 adulteriis
729 2856 848 2940 stupro
876 2856 907 2916 et
932 2856 1049 2941 raptu.

239 2981 440 3048 Adulterium
476 2981 592 3046 dicitur
627 2982 717 3060 quasi
755 2981 905 3046 transitio
941 2982 983 3045 ad
1023 2983 1157 3047 alterins
1192 2984 1330 3050 thorum.

141 3070 360 3148 committitur
383 3070 414 3150 in
438 3074 554 3150 nuptas
578 3076 611 3133 et
631 3069 765 3149 punitur
788 3069 893 3150 gladio
918 3059 941 3149 (
937 3069 981 3136 M.
996 3070 1049 3136 29.
1050 3062 1082 3151 ).
1107 3071 1260 3152 stuprum
1284 3078 1333 3157 est

139 3159 270 3224 illicitus
300 3157 403 3222 coitus
434 3175 506 3220 cum
530 3158 653 3239 virgine
683 3157 733 3221 vel
756 3157 852 3220 vidua
880 3156 1014 3223 honeste
1038 3158 1183 3237 vivente3
1219 3165 1332 3238 estque

142 3251 199 3310 aut
233 3245 458 3340 voluntarium,
482 3246 578 3325 ,quod
612 3244 648 3310 fit
677 3246 803 3310 volente
838 3245 962 3325 virgine
985 3246 1036 3310 vel
1058 3247 1155 3313 vidua
1188 3237 1252 3326 (M.
1277 3245 1329 3312 30.

140 3334 228 3399 Diat.
252 3334 316 3413 1.),
350 3337 406 3398 aut
433 3333 616 3412 violentum,
641 3333 767 3412 qnando
798 3333 937 3414 virgines
968 3331 1018 3397 vel
1048 3334 1164 3398 viduae
1186 3353 1245 3414 per
1268 3335 1331 3398 vim

142 3422 375 3502 opprimuntur.
416 3420 459 3484 Et
492 3421 552 3485 boc
586 3421 758 3500 aliquando
792 3420 892 3485 babet
922 3421 983 3487 sibi
1014 3441 1173 3487 annexum
1204 3428 1331 3503 raptum

140 3501 203 3590 (N.
228 3509 280 3574 30.
306 3509 392 3574 Diet.
419 3508 448 3574 2.
449 3499 481 3588 ).
512 3507 624 3589 Stupri
646 3508 816 3573 voluntarii
839 3526 944 3588 poena
967 3515 1017 3574 est
1039 3511 1203 3591 virgarum
1236 3512 1332 3575 casti-

141 3597 229 3678 gatio
253 3589 316 3675 (M.
335 3596 387 3662 30.
413 3595 498 3662 Diat.
525 3597 553 3663 1.
555 3590 591 3676 );
618 3596 746 3660 violenti
770 3601 876 3660 autem
900 3601 950 3660 est
974 3595 1144 3663 decollatio
1161 3602 1217 3662 aut
1240 3603 1331 3662 rotae

140 3685 312 3765 impositio,
347 3685 540 3765 praesertim
569 3683 695 3764 quando
718 3689 793 3748 sunt
815 3701 974 3762 personae
1005 3685 1134 3752 viliores
1168 3676 1231 3765 (M.
1257 3676 1332 3766 34.)

240 3773 290 3837 De
312 3772 392 3836 dure
415 3771 575 3838 Caesareo
600 3771 651 3836 lex
673 3770 760 3835 Julia
789 3771 828 3837 de
857 3772 1024 3837 adulteriis
1047 3792 1184 3854 poenam
1208 3774 1334 3854 irrogat

142 3860 390 3941 stupratoribus,
426 3859 454 3923 si
486 3859 610 3924 bonesti
646 3865 730 3940 sunt,
761 3859 1011 3940 publicationem
1046 3863 1149 3942 partis
1183 3862 1333 3926 dimidiae

143 3949 316 4027 bonorum3
352 3947 379 4010 «ἰ
410 3947 555 4028 humiles
591 3947 736 4028 corporis
769 3948 995 4013 coercitionem
1023 3967 1094 4013 curn
1124 3949 1332 4029 relegatione.

94 4041 100 4056 '⁴
142 4035 235 4113 Quod
250 4040 357 4100 tamen
379 4034 537 4115 intellige,
560 4054 656 4114 quum
673 4036 742 4115 quis
766 4036 835 4100 sine
852 4035 884 4099 vi
899 4037 950 4100 vel
968 4037 1123 4116 virginem
1140 4037 1190 4101 vel
1205 4036 1332 4102 viduam

141 4121 275 4188 honeste
298 4123 458 4188 viventem
482 4123 695 4205 stupraverit3
726 4141 801 4187 nam
825 4125 850 4188 si
882 4143 943 4205 per
965 4124 1028 4188 vim
1063 4129 1177 4205 raptus
1200 4124 1333 4205 virginis

141 4209 193 4274 vel
211 4211 328 4280 viduae·
342 4211 393 4274 vel
409 4211 658 4276 sanctimonialis
674 4209 772 4275 fuerit
794 4217 1011 4293 perpetratus
1038 4218 1112 4277 tunc
1135 4214 1169 4276 et
1183 4217 1333 4292 raptores

143 4302 176 4362 et
198 4299 222 4362 ii
245 4299 299 4377 qui
323 4317 416 4380 opem
431 4298 505 4362 huic
526 4299 649 4378 flagitio
666 4299 836 4380 dederunt,
854 4300 958 4380 capite
974 4301 1159 4380 puniuntur.
1184 4299 1336 4364 Nefarios

140 4386 226 4452 enim
248 4385 407 4467 ejusmodi
423 4387 523 4454 coitus
546 4418 589 4427 -
613 4391 648 4451 ut
670 4386 774 4465 inquit
793 4387 976 4467 Imperator
1003 4419 1040 4430 -
1065 4388 1177 4470 poenis
1203 4388 1333 4468 corrigi,

139 4489 203 4539 non
227 4474 379 4555 praemiis
402 4473 554 4540 honorari
577 4473 735 4540 convenit.

1087 4571 1135 4642 5.
