3212 5008
259 437 302 512 52
655 445 688 504 V.
708 447 876 517 Ophthalmii
894 447 1049 502 Processus.

262 581 538 662 praesumptiones
569 603 610 650 ex
641 605 754 655 rerum
776 586 1033 665 circumstantiis,
1064 583 1243 664 dequibus
1268 579 1410 648 videM.
1437 581 1463 647 5

260 676 289 732 et
312 669 357 733 M.
382 668 437 750 12,
461 670 556 736 facile
580 674 783 756 colliguntur.

555 777 710 846 temeraria,
735 793 805 846 quae
823 777 907 831 habet
932 777 1062 844 originem
1082 773 1194 828 amalis
1222 774 1383 840 hominibus,
1407 779 1464 824 aut

483 849 604 915 exsurgit
630 863 662 901 ex
681 850 784 903 levibus
803 849 907 916 causis;
933 856 970 916 ut,
995 847 1117 915 loquitur
1134 863 1195 899 eum
1214 847 1284 913 ipsa,
1311 861 1376 912 ergo
1396 859 1463 896 earn

484 925 563 972 amat.
592 920 667 974 Haec
687 921 871 988 praesumptio
898 929 940 974 est
957 918 1086 988 invalida,
1113 925 1161 971 aut
1185 918 1279 984 ajure
1305 914 1462 982 repellitur,

483 1005 533 1043 nec
553 989 633 1044 debet
650 1008 755 1046 morere
774 993 890 1045 animum
905 991 1062 1058 judicantis

555 1065 717 1133 necessaria,
736 1079 805 1132 quae
831 1063 899 1116 alias
914 1064 984 1131 juris
1004 1070 1031 1115 et
1055 1062 1089 1114 de
1104 1060 1167 1127 jure
1186 1075 1236 1114 nec
1263 1076 1316 1113 non
1335 1057 1462 1111 violenta

484 1131 591 1202 dicitur,
611 1135 719 1203 quaudo
742 1137 788 1202 jus
811 1135 984 1190 vehementer
1008 1134 1166 1201 praesumit,
1190 1133 1228 1186 sic
1252 1147 1311 1185 esse
1337 1130 1379 1181 vel
1400 1145 1460 1182 non

261 1199 451 1266 Praesumptio
484 1218 559 1271 esse3
584 1215 623 1274 ut,
642 1208 777 1261 contraxit
796 1223 856 1259 cum
875 1206 921 1259 illa
941 1203 1084 1260 defuturo
1105 1211 1131 1256 et
1149 1203 1295 1258 carnaliter
1314 1200 1461 1268 coguovit3

308 1280 416 1324 estant
484 1291 548 1342 ergo
567 1279 764 1332 matrimonium
785 1285 826 1331 est
845 1281 1066 1331 consummatum.
1095 1276 1181 1330 Ictum
1200 1274 1342 1342 evaginato
1363 1272 1458 1340 gladio

484 1347 602 1417 immisit,
622 1365 685 1417 ergo
705 1350 866 1403 vulneravit.
886 1351 961 1402 llaec
981 1348 1108 1404 isemeria
1127 1347 1205 1416 signa
1230 1347 1258 1399 in
1276 1361 1305 1398 se
1323 1345 1460 1412 continet,

484 1434 554 1485 quae
568 1419 687 1484 judicem
707 1422 741 1475 ad
761 1421 993 1490 pronunciandum
1013 1419 1155 1486 plurimum
1174 1425 1290 1472 movent.
1378 1472 1384 1481 „

555 1491 713 1563 probabilis,
727 1508 795 1562 quae
809 1508 842 1545 ex
855 1492 946 1546 multis
960 1493 1050 1544 causis
1064 1491 1185 1558 exsurgit
1197 1497 1225 1542 et
1237 1487 1459 1556 suscipionibus;

483 1565 522 1630 ut,
542 1561 660 1629 gladium
681 1580 857 1632 conspersum
871 1565 1003 1631 sanguiue
1017 1562 1109 1631 habet,
1129 1578 1194 1630 ergo
1214 1561 1321 1616 occidit.
1340 1560 1377 1611 Et
1390 1559 1458 1612 huic

484 1636 699 1715 praesumptioni
718 1643 816 1704 statur,
834 1636 919 1689 donec
938 1635 1101 1689 contrarium
1128 1634 1266 1700 probetur.
1289 1634 1363 1685 Haec
1383 1632 1459 1684 icota

484 1718 562 1772 srgna
580 1707 708 1762 continet.

363 1796 452 1848 Causa
471 1794 592 1850 efficiens
610 1798 680 1852 hanc
699 1801 887 1868 probationem
907 1807 948 1852 cst
968 1799 1026 1865 ipse
1045 1798 1174 1864 probans.

361 1866 516 1933 Subjectum
535 1877 598 1922 suut
616 1873 850 1939 praesumptiones
869 1879 896 1924 et
910 1870 1015 1938 judicia
1034 1868 1189 1922 existentia.

361 1936 501 2004 Objectum
521 1948 563 1992 est
580 1943 689 2009 negatio
708 1943 789 2012 illius,
807 1951 903 1998 contra
923 1958 1001 2010 quem
1022 1940 1161 2008 probatur.

312 2081 329 2133 b
358 2010 460 2064 Forma
479 2019 529 2080 est,
557 2013 664 2080 quando
684 2016 868 2082 praesumptio
888 2030 920 2067 ex
940 2012 1149 2067 circumstantiis
1169 2010 1330 2063 collectam
1349 2009 1456 2076 judicio

260 2096 311 2146 pro
331 2087 400 2135 atur.

358 2152 435 2206 Finis
454 2159 504 2223 est,
522 2161 553 2208 ut
570 2156 670 2212 veritas
690 2173 790 2213 causae
808 2159 962 2212 innoteseat
976 2155 1071 2223 judici.

523 2339 587 2411 De
609 2338 815 2436 probatione
836 2361 902 2435 per
918 2336 1192 2435 jusjurandum.

706 2500 867 2565 Titulus
890 2497 1007 2563 XXVI.

362 2619 460 2687 Sexta
483 2625 516 2686 et
538 2623 652 2689 ultima
675 2627 875 2708 probationis
906 2624 1029 2705 species
1052 2626 1111 2702 est,
1141 2640 1222 2701 quae
1246 2620 1282 2684 fit
1305 2639 1363 2701 per
1382 2618 1452 2698 jus-

258 2711 443 2792 jurandum.
474 2708 621 2790 Namque
652 2732 748 2795 quum
772 2715 942 2778 maximum
972 2709 1150 2777 remedium
1180 2709 1452 2791 expediendarum

261 2801 364 2865 litium
395 2799 478 2880 juris
501 2798 542 2862 sit
573 2798 785 2882 jurisjurandi
813 2803 936 2884 religio,
968 2817 1120 2881 peream
1156 2799 1207 2863 vel
1230 2817 1269 2862 ex
1302 2798 1453 2879 pactione

261 2891 402 2970 ipsorum
425 2887 624 2964 litigatorum
647 2891 699 2956 vel
722 2910 761 2956 ex
789 2891 963 2957 autoritate
983 2887 1100 2968 judicis
1118 2887 1308 2952 deciduntur
1323 2889 1452 2951 centro·

261 2978 385 3043 versiae
409 2965 517 3056 (Vide
540 2973 566 3040 I.
590 2971 664 3057 31.)

357 3061 586 3143 Jusjurandum
616 3065 694 3130 nihil
718 3068 803 3132 aliud
827 3071 885 3147 est,
910 3083 1005 3145 quam
1030 3063 1189 3144 quaedam
1210 3062 1297 3142 facti,
1328 3061 1452 3138 dequo

261 3154 469 3233 disceptatur,
493 3150 645 3232 religiosa
668 3157 843 3219 secundum
867 3154 1094 3219 conscientiam
1118 3152 1326 3230 asseveratio,
1355 3165 1450 3227 quum

260 3240 336 3321 quid
360 3240 451 3318 quasi
474 3239 543 3302 Deo
567 3246 651 3306 teste
675 3245 840 3309 asseritur.

359 3328 437 3392 Tale
457 3325 681 3407 jusjurandum
705 3336 756 3395 est
778 3331 913 3413 triplex:
940 3329 1172 3408 Voluntarium,
1199 3327 1283 3407 quod
1307 3325 1453 3391 defertur

260 3436 279 3480 a
303 3421 397 3496 parte
421 3420 513 3480 extra
533 3414 699 3498 Judieium,
724 3421 872 3499 quodque
893 3419 1055 3499 dependet
1078 3436 1118 3481 ex
1134 3416 1267 3481 arbitrio
1292 3421 1326 3479 et
1341 3412 1449 3477 volun·

259 3509 327 3568 tate
358 3504 507 3585 partium.
544 3503 614 3568 Hoc
648 3525 711 3571 non
736 3508 861 3588 cogitur
895 3507 965 3586 quis
1000 3509 1179 3588 praestare,
1215 3523 1275 3568 nee
1312 3502 1450 3567 deferre.

258 3591 427 3672 iudiciale,
446 3591 529 3671 quod
553 3592 701 3659 defertur
725 3602 859 3675 aparte
883 3596 969 3676 parti
992 3596 1023 3659 in
1044 3593 1176 3674 judicio,
1197 3591 1306 3672 judice
1333 3607 1448 3671 appro-

259 3681 366 3744 bante.
404 3679 448 3744 Et
477 3678 538 3743 hoc
574 3679 670 3746 hodie
701 3687 808 3764 potest
841 3682 1002 3760 recusari,
1038 3683 1120 3746 sicut
1164 3683 1197 3744 et
1227 3679 1448 3744 voluntarium.

259 3765 502 3847 Necessarium,
542 3769 626 3848 quod
666 3789 726 3850 per
759 3771 900 3850 judicem
939 3769 1083 3835 defertur
1126 3769 1158 3833 in
1195 3768 1449 3848 supplementum

258 3855 489 3935 probationum.
518 3855 564 3920 Et
591 3856 651 3921 hoc
684 3859 877 3938 regulariter
906 3877 969 3923 non
998 3861 1173 3934 recusatur,
1208 3857 1267 3920 nisi
1296 3874 1336 3919 ex
1362 3854 1450 3933 justa

261 3960 357 4006 causa
380 3945 601 4009 recusationis.
628 3946 676 4010 De
699 3947 759 4010 hoe
783 3948 902 4012 mentio
925 3946 1064 4010 habetur
1087 3943 1112 4010 Ι.
1138 3944 1192 4009 33.

358 4029 489 4107 Quoties
518 4033 658 4113 partium
691 4034 798 4114 aliqua
828 4034 1002 4115 semiplene
1033 4034 1183 4114 probavit
1216 4051 1275 4114 per
1310 4032 1448 4110 aliquam

259 4118 451 4198 scripturam
466 4122 633 4201 privatam,
659 4122 709 4188 vel
726 4123 957 4202 depositionem
975 4123 1066 4185 unius
1082 4123 1183 4200 testis,
1207 4127 1285 4186 tune
1299 4117 1449 4201 probatio

260 4205 313 4269 illa
336 4207 503 4288 suppletur
521 4208 732 4290 jurisjurandi
756 4211 921 4291 religione.
948 4209 981 4274 Si
999 4227 1075 4274 vero
1092 4215 1182 4274 actor
1205 4208 1283 4273 nibil
1307 4212 1446 4272 autnon

260 4291 455 4360 sufficienter
477 4297 673 4378 probaverit,
697 4305 764 4363 tum
788 4317 863 4363 reus
887 4298 1074 4363 absolvitur.

355 4383 493 4448 Romani
515 4384 548 4449 in
575 4385 768 4465 J'uramentis
796 4386 858 4450 hac
886 4386 1078 4450 solennitate
1103 4387 1294 4451 utebantur:
1329 4388 1448 4451 Jurans

291 4467 400 4562 ¹‘bebat
422 4472 454 4536 in
477 4491 574 4537 manu
590 4475 722 4556 silicem,
740 4473 949 4553 dicebatque:
978 4472 1032 4555 „si
1055 4473 1159 4538 sciens
1182 4474 1267 4556 fallo,
1284 4474 1450 4556 Diespiter
