3260 5018
609 515 775 583 Respublica
794 515 913 583 Bojema
933 515 999 584 Cap.
1019 515 1094 571 XIV.
1385 518 1446 589 261

259 675 339 739 prae
371 657 434 721 alia
468 653 644 737 privilegiis
677 655 996 736 immunitatibusque
1031 659 1081 720 est
1114 655 1268 733 ornatior,
1303 655 1448 736 amplior,

259 745 451 827 populosior.
487 745 533 808 Ac
566 747 743 825 propterea
777 744 861 823 quod
896 743 1064 824 quaedam,
1103 743 1294 824 praesertim
1328 745 1448 825 regiae,

261 835 366 911 urbes,
391 839 456 896 tam
481 837 554 895 sunt
575 832 692 912 populo
717 832 928 910 abundantes,
954 836 988 894 ut
1011 831 1241 912 cognoscendis
1256 831 1288 895 in
1305 837 1448 913 tempore

259 920 506 1002 expediendisve
523 923 645 984 cunctis
658 920 892 984 communitatis
905 921 1005 984 omnis
1020 925 1053 983 et
1063 918 1238 985 incolarum
1251 921 1448 1000 singulorum

257 1009 404 1090 negotiis,
436 1008 582 1073 consules
605 1006 851 1088 haudquaquam
874 1006 995 1089 possint
1018 1025 1089 1072 esse
1112 1025 1224 1088 pares:
1256 1027 1370 1088 magno
1404 1008 1450 1073 illi

260 1096 392 1161 Senatui
424 1097 650 1163 subordinatus
676 1099 726 1160 est
748 1095 874 1175 Pragae
898 1095 1178 1174 Decem-viratus
1212 1094 1327 1160 alicubi
1352 1096 1448 1162 Octo·

259 1185 399 1261 viratus,
422 1184 540 1250 alicubi
559 1201 636 1247 veno
657 1181 878 1248 Sex-viratus.
903 1184 1107 1248 asserendae
1128 1201 1226 1263 porro
1245 1203 1264 1248 a
1289 1185 1449 1250 concussi·

259 1273 373 1337 onibus
404 1274 602 1352 promiscuae
628 1271 741 1336 civium
774 1271 978 1351 multitudini,
1011 1271 1175 1336 constituti
1204 1275 1277 1336 sunt
1307 1272 1450 1337 seniores

258 1360 377 1441 populi,
408 1361 496 1441 quasi
527 1360 649 1425 tribuni
679 1359 793 1439 plebis,
823 1358 875 1423 hic
904 1361 1025 1440 plures
1054 1359 1100 1423 ibi
1130 1361 1309 1439 pauciores,
1342 1361 1393 1440 qui
1424 1361 1450 1424 si

259 1449 386 1529 quando
411 1448 548 1514 Senatus
572 1448 712 1512 muneris
738 1445 857 1511 fiducia
879 1449 910 1513 iu
941 1447 1175 1512 communitatis
1198 1446 1343 1513 fraudem
1375 1448 1452 1514 velit

259 1537 428 1616 quicquam
452 1541 590 1614 tentare,
613 1536 829 1611 intercedant,
853 1553 988 1613 eumque
1005 1535 1046 1598 ad
1069 1535 1199 1601 saniora
1218 1542 1449 1615 commoneant,

259 1624 320 1704 vel,
355 1625 382 1688 si
417 1625 591 1688 emendare
627 1623 756 1702 abnuat,
792 1625 832 1687 ad
866 1621 1146 1688 Subcamerarium
1180 1624 1283 1702 Regni
1318 1629 1374 1689 aut
1408 1626 1450 1689 ad

259 1712 381 1792 Regem
406 1713 508 1792 ipsum
534 1711 690 1776 deferant.
715 1711 887 1776 Caeterum
911 1712 1119 1776 Praetura
1142 1717 1192 1776 est
1207 1713 1342 1777 alterum
1365 1713 1450 1777 inter

260 1801 360 1864 civica
383 1798 488 1865 officia
510 1817 625 1864 munus
647 1800 819 1880 publicum,
844 1799 929 1880 quod
953 1801 1179 1879 cognoscendis
1201 1799 1450 1881 dirimendisque

220 1897 222 1902 ’
260 1885 487 1953 contraversiis
505 1888 688 1965 minoribus,
713 1887 910 1953 cohibendae
927 1889 1026 1951 cuivis
1041 1885 1241 1975 plebejorum
1256 1889 1450 1968 proterviae,

258 1974 567 2056 comprehendendis
598 1980 631 2040 θῖ
661 1976 693 2038 in
726 1976 849 2041 vincula
879 1975 1119 2056 compingendis
1148 1976 1232 2040 male
1253 1975 1389 2056 feriatis,
1418 1983 1451 2041 et

258 2064 447 2128 mandandis
475 2064 835 2142 exequutioniconcilii
858 2062 988 2143 maj0ris
1019 2062 1154 2144 placitis,
1186 2070 1235 2130 est
1262 2063 1449 2130 institutum.

260 2151 410 2217 Gerendo
434 2156 541 2216 autem
567 2151 695 2232 utrique
718 2151 791 2217 huic
814 2153 939 2216 muneri
962 2150 1071 2229 civico,
1101 2151 1284 2218 necessario
1309 2151 1451 2217 serviunt

258 2238 386 2318 publica
400 2257 526 2320 quoque
534 2238 712 2304 ministeria
721 2241 863 2319 diversa3
879 2237 1064 2304 Consulatui
1074 2241 1238 2321 astynomi,
1253 2245 1449 2320 quaestores

258 2327 388 2406 aediles,
413 2327 540 2406 notarii,
565 2328 709 2406 actuarii,
735 2329 871 2406 scribae,
896 2328 1052 2406 viatores,
1083 2327 1262 2394 Praeturae
1286 2327 1449 2394 latruncu-

258 2413 351 2494 lator,
382 2414 688 2495 commentariensis,
724 2420 874 2494 statores,
909 2414 1050 2493 lictores
1083 2422 1116 2481 et
1149 2418 1175 2481 si
1205 2415 1260 2498 qui
1292 2416 1347 2480 alii
1377 2423 1451 2482 sunt

255 2503 288 2567 id
311 2521 411 2581 genus
434 2505 569 2569 accensi.

355 2591 427 2654 VII.
462 2591 600 2658 Praetor
624 2592 801 2656 communia
825 2593 904 2657 haec
928 2590 1073 2670 urbibus,
1103 2590 1293 2672 municipiis,
1325 2591 1450 2672 oppidis

260 2679 424 2758 quibusvis
447 2681 566 2760 munia,
596 2681 684 2745 inter
714 2680 889 2759 singularia
919 2677 1037 2743 referri
1059 2681 1092 2742 et
1115 2679 1301 2758 neutiquam
1324 2679 1449 2744 silentio

259 2768 433 2847 praeteriri
475 2773 526 2832 θεῖ
559 2769 689 2848 dignum
724 2767 894 2850 Oenoptae
929 2785 1060 2846 munuc,
1100 2767 1183 2846 quod
1218 2766 1450 2832 metallicorum

260 2855 450 2936 oppidorum
482 2857 630 2935 quadam,
660 2857 692 2919 ni
721 2854 825 2934 fallor,
855 2855 1045 2933 imitatione,
1077 2853 1202 2935 Pragae
1226 2844 1317 2936 (aava.
1348 2843 1450 2936 1358)

260 2944 400 3008 instituit
415 2944 493 3023 Imp.
519 2944 610 3009 Caes.
629 2943 762 3008 Carolus
779 2945 833 3008 IV.
858 2950 892 3008 et
907 2942 1033 3008 collium
1057 2942 1256 3008 vitiferorum
1276 2942 1451 3029 cultoribus

257 3032 309 3111 jus
332 3031 472 3096 reddere
492 3031 598 3109 jussit.
626 3031 769 3096 Vocatur
792 3049 905 3096 munus
928 3029 998 3108 hoc,
1022 3047 1099 3094 voce
1122 3050 1184 3097 non
1209 3037 1328 3111 nostra,
1359 3031 1453 3096 Udad

263 3119 511 3206 Pcrpmistrelqv'.
530 3118 730 3184 Conferendo
746 3121 950 3200 gerendoque
966 3118 1041 3182 huic
1058 3120 1183 3184 muneri
1202 3119 1285 3184 latas
1302 3139 1320 3184 a
1336 3119 1451 3184 Carolo

261 3208 358 3286 leges,
382 3207 554 3272 illustravit
577 3213 673 3288 atque
697 3209 787 3272 auxit
800 3207 994 3273 Wladislaus
1011 3206 1082 3270 Rex
1105 3207 1290 3272 aaa1497.
1318 3207 1451 3272 Collium

262 3296 418 3376 Magister
440 3295 492 3358 bic
514 3298 710 3377 praecipuae
727 3301 777 3360 est
798 3296 884 3359 iuter
901 3293 1053 3360 Seniores
1076 3294 1184 3376 populi
1200 3295 1451 3372 existimationis,

263 3389 296 3447 et
324 3384 355 3446 in
387 3388 499 3448 coacta
530 3385 666 3450 civitatis
697 3383 917 3462 universitate,
948 3382 1158 3447 multitudinis
1186 3384 1287 3447 omnis
1315 3384 1451 3460 nomine,

264 3471 365 3536 verba
389 3471 430 3534 ad
455 3470 618 3551 Senatum,
643 3471 762 3536 autad
786 3489 865 3550 quos
888 3488 969 3551 opus
994 3475 1053 3547 est,
1078 3469 1160 3534 solet
1181 3469 1298 3536 facere.
1328 3471 1390 3535 Hic
1414 3489 1453 3534 ex

263 3557 397 3638 Majoris
422 3559 544 3636 Pragae
568 3559 706 3637 Civibus,
732 3559 772 3623 ab
797 3558 939 3640 ejusdem
962 3557 1051 3621 urbis
1069 3556 1189 3623 Senatu
1205 3559 1288 3637 olim,
1312 3576 1395 3622 nunc
1412 3559 1452 3622 ob

259 3647 368 3711 Novae
397 3647 497 3712 Urbis
529 3665 598 3711 eum
629 3646 746 3726 Majori
775 3645 1000 3727 intempestiva
1027 3644 1144 3726 jurgia,
1179 3648 1220 3711 ab
1250 3646 1352 3726 Regio
1383 3644 1451 3711 fisci

261 3734 389 3799 consilio
405 3735 479 3814 legi,
496 3736 591 3816 eique
607 3735 782 3800 consiliarii
798 3735 937 3799 muueris
953 3732 1095 3813 collegae
1108 3739 1189 3813 octo,
1206 3733 1291 3800 terni
1305 3732 1453 3800 videlicet

260 3841 301 3886 ex
329 3822 454 3902 Veteri,
485 3825 569 3887 terni
599 3841 638 3886 ex
668 3823 767 3903 Nova,
797 3828 830 3887 et
861 3821 927 3887 bini
957 3839 997 3885 ex
1026 3823 1145 3886 minore
1169 3821 1286 3903 Praga,
1316 3822 1452 3887 Senatus

261 3911 379 3991 quique
403 3911 452 3974 sui
476 3911 619 3991 arbitrio,
645 3911 774 3991 adjungi
798 3915 1039 3976 corrsueveruut.
1064 3910 1248 3974 institutum
1273 3914 1381 3973 autem
1404 3914 1454 3974 est

261 4017 374 4062 munus
403 3997 472 4077 hoc,
509 4017 580 4063 cum
611 3999 840 4078 cognoscendis
871 3996 988 4062 coortis
1018 3999 1059 4063 ob
1089 3997 1196 4063 vineta
1227 3998 1335 4062 litibus
1371 3997 1454 4062 sicut

262 4085 407 4167 diximus,
431 4092 498 4150 tum
517 4088 670 4166 curando,
693 4107 734 4152 ue
758 4085 904 4154 serendis
930 4088 1007 4166 apta
1023 4085 1140 4150 vitibus
1156 4087 1226 4151 loca
1241 4085 1307 4150 suis
1325 4089 1455 4150 careant

262 4174 445 4253 cultoribus,
482 4175 713 4255 describendis
749 4173 928 4252 metiendis,
964 4173 1004 4238 ab
1039 4175 1187 4256 omnique
1222 4178 1341 4238 venatu
1375 4175 1454 4238 tutis

261 4261 474 4344 praestandis
499 4269 655 4343 quotquot
678 4265 858 4343 ubicunque
883 4263 970 4326 circa
994 4263 1106 4326 urbem
1127 4262 1283 4341 coluntur,
1309 4261 1453 4339 collibus,

262 4351 430 4432 puniendis
470 4350 683 4431 deprehensis
724 4350 931 4432 pendentium
969 4350 1074 4414 adhuc
1113 4348 1273 4414 fructuum
1318 4348 1454 4427 iuribus,

262 4438 433 4503 statuendo
457 4444 639 4520 praeterea,
664 4441 749 4520 quod
773 4440 832 4504 sub
856 4437 979 4502 hedera
1003 4456 1137 4504 vaenum
1161 4437 1232 4519 quis
1256 4436 1336 4504 dare
1366 4436 1453 4512 velit,

264 4527 327 4592 vini
357 4525 496 4606 cujusvis
526 4528 641 4608 pretio,
677 4527 914 4606 solvendasque
946 4527 1104 4608 operariis
1134 4525 1268 4592 diurnae
1298 4525 1456 4592 mercedis
