3196 5010
588 419 643 476 Tu.
662 421 746 491 xm,
763 420 823 477 xv.
845 427 872 475 a
890 422 963 477 xm.

524 616 586 688 De
606 615 815 712 probatione
836 643 906 715 per
931 631 1033 689 testes.

638 783 807 848 Titulus
830 783 917 847 XVI.

286 917 398 982 Tertia
413 914 635 996 probationum
660 914 786 994 species
810 918 868 992 est,
893 931 975 993 quae
991 913 1027 978 fit
1040 933 1099 995 per
1121 915 1253 979 idoneos
1269 919 1378 996 testea,

184 1007 242 1087 qui
284 1005 479 1085 regulariter
513 1003 735 1081 producuntur
769 1007 802 1065 et
835 1002 1057 1066 examinentur
1089 1008 1162 1082 post
1196 1002 1261 1067 litis
1301 1022 1376 1069 cou-

183 1094 390 1158 testationem
414 1082 474 1170 (B.
499 1090 549 1153 42.
578 1089 663 1154 Diei.
691 1080 742 1168 1.)

286 1177 1377 1257 IdoneitestessuntillisecundumImp,quorumfidesnonvacillat.

290 1269 323 1334 Si
354 1269 424 1348 quis
455 1271 555 1331 testes
587 1267 642 1330 lite
676 1284 738 1329 non
770 1271 951 1330 contestata
983 1266 1024 1329 ad
1058 1285 1191 1332 examen
1219 1268 1378 1348 producit,

185 1349 378 1424 mulctatur¹
396 1358 436 1420 de
472 1353 552 1417 lure
587 1353 679 1418 Prot.
708 1352 820 1417 decem
855 1355 1023 1433 sexagenis
1057 1373 1239 1436 grossorum
1287 1349 1375 1435 (Jae.

191 1449 288 1512 Proo.
313 1445 347 1510 P.
366 1441 416 1521 7.)
425 1468 438 1521 ,·
462 1443 501 1506 de
522 1443 595 1520 jure
621 1446 728 1506 autem
752 1441 906 1521 Prageusi
932 1443 1072 1523 quinque
1095 1443 1264 1522 sexagenis
1288 1461 1380 1523 gros-

189 1553 298 1600 sorum
322 1522 380 1612 (B.
407 1530 458 1595 42.
484 1528 569 1596 Dist.
595 1528 648 1605 2.)

293 1620 355 1685 Sed
382 1620 409 1683 si
433 1619 515 1682 forte
540 1619 580 1682 de
605 1623 708 1681 morte
737 1617 865 1681 testium
890 1619 1052 1696 timeatur,
1085 1618 1132 1681 vel
1163 1618 1203 1681 de
1235 1619 1381 1684 absentia

193 1712 362 1778 diuturna:
393 1709 425 1771 in
448 1706 498 1769 his
522 1707 647 1771 casibus
677 1710 710 1769 ct
734 1705 898 1784 similibus,
925 1725 965 1770 ne
991 1707 1108 1771 veritas
1140 1705 1317 1772 occultetur
1349 1715 1382 1773 et

194 1795 393 1882 probationis
418 1795 509 1874 copia
531 1793 671 1862 fortuitis
706 1793 832 1858 casibus
855 1794 1074 1875 subtrahatur,
1107 1812 1200 1857 senes
1225 1796 1378 1859 valetudi-

195 1887 278 1952 narii
302 1889 336 1948 et
358 1883 411 1945 alii
435 1886 544 1960 testes,
570 1881 610 1945 de
627 1883 741 1959 quibus
758 1899 798 1944 ex
812 1881 946 1945 notabili
963 1899 1061 1945 causa
1083 1883 1222 1961 timetur,
1247 1883 1303 1946 lite
1318 1902 1381 1947 non

198 1975 380 2040 contestata
402 1969 532 2050 impune
549 1969 769 2046 admittuntur,
793 1986 851 2032 seu
873 1988 948 2050 pars
966 1975 1122 2034 conuenta
1146 1971 1187 2034 sit
1203 1976 1382 2048 contumax,

195 2082 253 2128 seu
278 2060 394 2124 absens
418 2059 538 2138 absque
563 2057 699 2135 malicia,
725 2056 810 2136 quod
833 2059 997 2121 conveniri
1030 2077 1094 2123 non
1115 2059 1218 2139 possit
1244 2051 1302 2138 (B.
1329 2059 1379 2150 42:

192 2151 282 2216 Diei.
305 2150 334 2212 4.
360 2147 422 2210 Jna
446 2146 542 2209 Pron
569 2146 606 2210 P.
631 2135 682 2222 8.)

284 2236 512 2319 ,Producturus
548 2239 650 2297 testes
681 2232 835 2313 imprimis
859 2232 1019 2296 consulem
1044 2235 1148 2312 adeat,
1179 2237 1212 2298 et
1241 2240 1341 2298 testes
1365 2254 1385 2298 a

195 2342 289 2390 servo
313 2321 440 2403 publico
468 2340 527 2401 per
557 2320 685 2385 chartas
714 2321 880 2400 dissectas
913 2321 1026 2398 quibus
1056 2322 1199 2400 deloco,
1229 2327 1383 2403 tempore,

196 2413 351 2494 qualitate
396 2415 430 2473 et
465 2410 535 2473 aliis
570 2408 693 2472 ferendi
728 2409 901 2472 testimonii
936 2409 1182 2496 circumstantiis
1216 2412 1385 2474 certiorari

196 2501 330 2582 possint,
354 2497 493 2576 legitime
518 2496 617 2562 faciat
639 2497 733 2561 citari
756 2488 815 2576 (B.
841 2487 915 2575 47.)

297 2588 340 2650 Et
369 2586 396 2649 si
419 2590 519 2648 testes
551 2589 624 2648 sunt
646 2585 818 2664 peregrini,
851 2585 978 2664 subditi,
1011 2585 1106 2666 servi,
1137 2586 1214 2650 viles
1246 2590 1279 2649 et
1302 2586 1384 2666 vagi,

198 2694 315 2755 eosque
339 2675 371 2737 in
390 2673 451 2737 alio
467 2673 536 2738 foro
554 2691 647 2752 quam
665 2672 720 2737 ubi
735 2672 773 2735 lis
789 2674 937 2753 vertitur,
955 2674 1133 2754 producere
1151 2675 1242 2740 velit:
1260 2681 1387 2755 oportet

199 2770 232 2830 et
263 2768 388 2843 partem
420 2761 589 2825 adversam
620 2779 679 2840 per
707 2757 852 2823 chartam
884 2759 1016 2825 incisam
1047 2762 1149 2843 citari,
1181 2781 1242 2842 quo
1267 2763 1385 2840 videat,

201 2853 255 2931 qui
277 2856 377 2915 testes
401 2855 514 2913 contra
537 2867 572 2913 se
595 2847 825 2928 producantur.
859 2846 893 2911 Si
915 2867 992 2927 pars
1016 2850 1152 2914 adversa
1182 2868 1245 2914 nou
1268 2850 1387 2915 habeat

199 2939 406 3004 residentiam
424 2938 454 3000 in
472 2957 509 3001 eo
526 2936 605 3005 foro.
629 2936 661 2998 in
679 2954 740 3014 quo
759 2941 858 2999 testes
876 2937 922 3000 vis
941 2940 1138 3016 producere:
1156 2944 1223 3002 tum
1240 2940 1386 3018 septiduo

201 3033 286 3108 ante,
311 3027 338 3089 si
363 3043 439 3088 vero
463 3026 604 3104 ejusdem
630 3029 680 3088 est
702 3022 772 3100 fori,
797 3028 864 3086 tum
889 3025 1002 3088 saltem
1030 3027 1127 3091 biduo
1152 3032 1226 3091 ante
1248 3027 1386 3108 produc-

199 3117 319 3180 tionem
342 3113 471 3176 testium
487 3131 564 3193 pars
587 3113 724 3178 adversa
748 3112 805 3175 tibi
822 3116 872 3175 est
888 3113 1107 3194 certioranda3
1133 3115 1213 3179 alias
1231 3116 1387 3194 depositio

201 3203 331 3267 testium
354 3199 425 3280 ipso
446 3200 519 3277 jure
544 3205 594 3264 est
617 3199 704 3262 nulla
738 3191 797 3280 (B.
821 3199 873 3263 43.
897 3198 985 3264 Diet.
1010 3203 1040 3266 1.
1064 3205 1127 3268 Jas
1143 3204 1240 3266 Pron.
1260 3203 1296 3267 P.
1314 3192 1386 3280 15.)

300 3289 400 3352 Facta
412 3289 580 3368 praedicta
593 3289 755 3365 citatione,
772 3305 848 3367 pars
865 3288 1011 3369 adversa,
1025 3291 1092 3355 sive
1109 3293 1217 3355 veniat
1231 3291 1297 3354 sive
1313 3310 1387 3370 non,

202 3385 304 3443 testes
328 3383 438 3440 tamen
453 3377 552 3456 recipi
568 3379 712 3455 possunt,
729 3377 919 3454 praesertim
943 3384 1016 3458 post
1037 3380 1149 3443 horam
1165 3380 1295 3442 tertiam
1312 3377 1387 3442 solis

200 3465 398 3546 splendentis
423 3453 481 3542 (B.
506 3463 557 3528 43.
583 3464 670 3526 Dist.
695 3460 745 3540 2.)

298 3554 357 3616 dus
381 3551 477 3632 Prag.
502 3570 573 3617 cum
595 3551 674 3615 Jure
698 3551 792 3616 Prou.
816 3551 876 3616 hoc
901 3571 977 3617 casu
1007 3553 1037 3617 in
1063 3555 1207 3619 omnibus
1232 3555 1388 3632 convenit,

201 3645 334 3722 excepto
374 3659 423 3718 eo,
459 3640 542 3719 quod
576 3657 639 3703 non
669 3639 860 3702 mentionem
892 3640 990 3704 faciat
1019 3642 1255 3708 certiorationis
1286 3643 1389 3721 partis

201 3731 358 3794 adversae
387 3729 483 3793 biduo
508 3735 583 3794 ante
605 3727 733 3791 testium
757 3727 999 3807 productionem
1030 3730 1198 3794 faciendae
1234 3720 1290 3809 (P.
1316 3722 1388 3808 15.)

299 3815 403 3894 Quum
435 3818 592 3896 rescripto
617 3814 776 3879 Hadriani
806 3817 942 3880 testibus
971 3824 1004 3880 et
1034 3837 1096 3882 non
1125 3818 1316 3884 testimoniis
1348 3820 1389 3882 sit

202 3905 409 3981 credendum,
434 3910 466 3968 et
489 3910 602 3968 autore
626 3904 774 3968 Cornelio
799 3903 908 3968 Tacito
934 3907 1119 3969 testimonia
1141 3925 1203 3970 non
1230 3907 1388 3984 absentee,

203 4012 261 4056 nec
284 4012 344 4073 per
365 3991 515 4057 tabellam
532 3994 619 4066 darc,
637 3992 693 4054 sed
711 4009 816 4056 coram
842 4000 876 4054 et
891 4000 1079 4072 praesentes
1095 3994 1201 4058 dicere
1226 4002 1389 4076 cogantur,

201 4099 262 4145 nec
285 4099 349 4144 non
373 4080 626 4144 testimoniorum
651 4096 735 4156 usus,
761 4081 844 4158 quod
874 4083 915 4144 sit
937 4081 1088 4161 frequens
1118 4101 1156 4152 ac
1179 4084 1390 4161 necessarius,

204 4170 243 4233 ab
263 4168 313 4233 his
329 4168 502 4249 praecipue
526 4167 710 4246 exigendus,
730 4185 864 4246 quorum
888 4167 967 4232 fides
983 4189 1046 4234 non
1065 4169 1207 4234 vacillat:
1229 4170 1302 4247 jure
1327 4179 1391 4233 tam

203 4255 368 4321 Pontificio
400 4274 496 4336 quam
521 4255 680 4319 Caesareo
712 4262 839 4319 cautum
864 4267 922 4335 est,
953 4262 989 4320 ut
1019 4263 1118 4323 testes
1146 4260 1271 4323 nonnisi
1291 4258 1393 4337 jurati

204 4345 367 4425 deponant
389 4337 408 4424 (
408 4345 449 4408 B.
466 4343 518 4408 48.
536 4344 576 4409 B.
593 4343 645 4407 50.
666 4342 728 4407 Jae
744 4343 842 4406 Iton.
859 4345 897 4408 P.
913 4344 942 4409 3.
969 4346 1006 4410 Ρ.
1022 4344 1076 4410 33,
1101 4345 1141 4411 X.
1157 4347 1211 4412 26.
1235 4346 1270 4410 in
1281 4341 1394 4432 fine);

203 4432 265 4496 nisi
287 4451 306 4496 a
329 4439 423 4512 parte
448 4432 585 4496 adversa
612 4429 829 4509 jurameutum
852 4434 1037 4498 remittatur
1070 4423 1130 4513 (B.
1155 4435 1206 4498 41.
1232 4434 1318 4498 Dtet.
1341 4425 1393 4514 3.)
