3212 5008
154 884 243 964 De
277 887 623 967 maleficiis
659 909 763 966 seu
798 873 1316 994 obligationibus,

270 1045 352 1113 quae
375 1047 417 1095 ex
440 1027 561 1096 delicto
586 1027 639 1093 vel
662 1027 755 1114 qnasi
781 1023 835 1106 (ex
860 1025 997 1110 delicto)
1024 1031 1218 1096 nascuntur.

240 1218 398 1282 Absoluto
419 1216 501 1296 juris
525 1217 680 1282 ordinarii
703 1234 868 1297 processu,
894 1215 1082 1281 delictorum
1111 1219 1251 1300 speciem
1282 1238 1338 1284 seu

137 1306 251 1370 ideam
276 1324 450 1385 eorumque
473 1323 604 1386 poenas,
629 1305 705 1370 licet
729 1322 848 1384 crassa,
874 1305 956 1382 quod
975 1306 1074 1383 aiunt,
1099 1307 1255 1386 Minerva,
1280 1327 1337 1388 pro

137 1395 306 1476 ingeniolo
331 1412 402 1457 meo
425 1394 476 1457 bic
495 1411 619 1473 quoque
643 1413 682 1457 ex
702 1392 775 1472 jure
798 1399 907 1458 nostro
931 1394 1041 1474 paucis
1064 1393 1227 1459 delineare
1245 1397 1338 1460 volui.

139 1483 191 1546 Eo
217 1481 304 1546 enim
327 1488 422 1563 paeto
448 1481 601 1561 judicavi,
633 1480 718 1562 quod
741 1499 805 1544 non
828 1482 889 1546 iste
919 1481 1021 1546 solum
1044 1483 1196 1546 dubanus
1220 1483 1338 1549 Teuto-

141 1570 312 1649 bohemuS,
337 1588 447 1634 verum
470 1570 568 1634 etiam
591 1569 645 1634 alii
669 1569 722 1648 qui
747 1576 876 1648 gentem
900 1569 1051 1633 Boemam
1076 1571 1155 1635 lalso
1180 1578 1340 1649 accusant,

144 1657 232 1738 quod
256 1657 351 1721 nullis
383 1658 518 1736 legibus,
542 1657 636 1722 nullis
660 1657 873 1721 sanctioribus
903 1658 1056 1721 institutis
1088 1663 1207 1731 utatur,
1240 1662 1340 1724 coriti-

147 1751 297 1823 cescent3
332 1746 530 1827 praesentim
560 1747 614 1809 ubi
639 1745 935 1823 animadverterint,
960 1745 1148 1810 delictorum
1177 1749 1342 1812 observari

146 1834 335 1900 discrimina
368 1839 402 1897 et
435 1833 596 1914 permulta
629 1835 770 1914 ipsorum
808 1833 1014 1897 atrocissimis
1057 1835 1087 1898 in
1128 1835 1189 1898 boc
1223 1836 1341 1916 inclyto

146 1933 251 2002 reguo·
286 1921 439 1986 vindicari
474 1921 594 2002 poenis
628 1921 769 1986 Primum
801 1926 909 1984 autem
937 1923 1152 2001 praemittam,
1189 1924 1264 2003 quid
1302 1926 1343 1988 sit

148 2027 266 2091 poena,
297 2009 435 2088 qualiter
465 2009 682 2089 delinquatur,
713 2009 870 2087 quomodo
894 2010 926 2072 in
951 2008 1075 2073 delictis
1091 2012 1286 2090 procedatur·
1310 2017 1343 2075 et

146 2102 227 2177 quot
249 2097 314 2160 sint
337 2097 527 2162 delictorum
551 2098 635 2177 apud
658 2113 716 2161 nos
739 2115 870 2179 genera.

249 2185 309 2248 Est
341 2191 448 2249 autem
479 2203 583 2265 poena
613 2185 690 2249 nihil
721 2186 807 2249 aliud
832 2203 927 2264 quam
961 2203 1076 2250 severa
1104 2187 1341 2266 vindictaque

145 2273 326 2354 puniuntur
349 2274 571 2352 delinquentes
594 2262 617 2354 ζ
613 2272 658 2339 Μ.
677 2274 705 2338 1.
706 2264 728 2354 )

249 2360 341 2425 Inter
363 2360 514 2425 mulctam
538 2368 571 2425 et
586 2379 722 2442 poenam
737 2361 797 2425 hoc
820 2361 974 2425 interest:
1000 2361 1108 2426 Poena
1124 2368 1174 2426 est
1190 2363 1341 2442 generale

144 2467 265 2512 nomen
300 2455 333 2513 et
367 2448 506 2513 ornnium
537 2448 726 2514 delictorum
757 2448 924 2526 coe1·citio;
962 2449 1080 2513 mulcta
1115 2468 1190 2514 uero
1226 2451 1344 2515 dicitur

144 2537 291 2619 speciale
314 2556 430 2602 nornen
445 2537 579 2617 peccati,
605 2537 694 2618 cujus
710 2536 946 2602 animadversio
963 2536 1058 2602 bodie
1081 2539 1267 2617 pecuniaria
1283 2546 1342 2602 est.

145 2625 260 2689 Poena
283 2625 325 2688 ad
349 2625 521 2704 ordinaria,
547 2625 667 2689 mulcta
682 2644 757 2689 vero
781 2625 823 2688 ad
839 2625 1097 2690 extraordinaria
1116 2627 1242 2705 delicta,
1260 2645 1342 2706 quae

147 2711 300 2777 videlicet
324 2713 545 2778 aestimatione
566 2711 682 2791 judicis
706 2713 844 2793 irrogari
865 2713 956 2792 solet,
979 2712 1095 2777 referri
1116 2720 1230 2795 potest.

249 2801 429 2866 Poenarum
463 2819 583 2881 genera
620 2807 710 2879 sunt,
746 2819 828 2880 quae
865 2807 920 2864 aut
955 2803 1050 2864 vitam
1088 2803 1249 2882 adimunt,
1287 2808 1342 2866 aut

146 2889 339 2954 servitutem
368 2888 545 2968 injungunt,
577 2893 634 2952 aut
664 2889 828 2953 civitatem
853 2889 1012 2969 auferunt,
1044 2894 1100 2952 aut
1123 2892 1261 2968 exilium,
1287 2896 1342 2954 aut

147 2977 377 3042 coercitionem
401 2977 544 3056 corporis
560 2975 734 3057 continent,
755 2977 851 3041 veluti
874 2977 1004 3040 fustium
1022 2979 1208 3057 admonitis,
1232 2979 1341 3058 flagel-

146 3067 254 3130 lorum
270 3065 449 3146 castigatio,
463 3064 660 3128 vinculorum
673 3066 867 3145 verberatio,
882 3070 937 3128 aut
950 3064 1099 3129 damnum
1113 3085 1184 3129 cum
1201 3066 1342 3144 iufamia,

149 3158 205 3217 aut
218 3153 384 3232 dignitatis
398 3152 506 3231 aliqua
519 3153 685 3233 depositio,
704 3158 760 3217 aut
773 3153 908 3234 aliquus
925 3157 1015 3216 actus
1031 3154 1202 3232 prohibitio
1217 3151 1278 3224 (M.
1291 3146 1343 3229 2.)

250 3240 326 3305 Vita
349 3241 512 3319 adimitur,
537 3241 563 3303 si
588 3240 759 3304 damnatur
790 3241 903 3319 aliquis
933 3240 1052 3321 gladio,
1083 3242 1142 3306 boc
1174 3247 1225 3307 est
1255 3243 1341 3322 capi·

151 3328 269 3393 taliter.
297 3325 443 3393 Servitus
466 3329 654 3409 injungitur,
679 3328 705 3392 si
722 3330 792 3406 quis
816 3329 848 3391 in
872 3329 1035 3392 metallum
1053 3329 1102 3393 vel
1126 3349 1205 3410 opus
1221 3330 1343 3394 metalli

150 3415 324 3480 damnatur
346 3421 379 3481 et
405 3418 531 3495 quando
549 3416 619 3494 quis
644 3416 684 3479 ad
705 3417 856 3480 triremes
872 3417 1018 3480 mittitur.
1044 3415 1163 3482 Civitas
1187 3417 1341 3496 aufertur,

151 3503 279 3582 qnando
313 3505 456 3569 damnati
486 3505 518 3568 in
548 3504 684 3567 insulam
716 3504 937 3584 deportantur,
970 3510 1003 3569 et
1033 3504 1079 3569 ibi
1105 3505 1178 3585 jure
1206 3507 1343 3570 civitatis

151 3591 280 3670 amisso,
304 3610 433 3657 suorum
458 3590 647 3656 delictorum
664 3609 799 3671 poenam
820 3591 927 3670 luunt;
954 3591 1212 3671 deportationem
1236 3599 1342 3657 antem

152 3678 294 3742 omnium
317 3681 473 3746 bonorum
488 3678 662 3760 publicatio
679 3681 834 3759 sequitur.
857 3678 1074 3744 Jureconsulti
1094 3701 1165 3746 eam
1188 3682 1343 3745 minorem

152 3765 203 3830 vel
225 3768 364 3832 mediam
387 3768 503 3848 capitis
535 3767 774 3832 diminutionem
800 3774 923 3832 vocant.
947 3767 1086 3832 Exilium
1104 3788 1178 3834 vero
1202 3771 1345 3834 continet

150 3854 383 3934 relegationem
406 3860 440 3923 et
462 3855 713 3934 bannimentum,
738 3855 864 3934 quando
889 3857 963 3942 quis
983 3854 1025 3918 ad
1049 3863 1174 3936 tempus
1199 3858 1248 3921 vel
1268 3875 1343 3939 per-

151 3947 252 4021 petuo
282 3943 360 4010 fines
390 3944 516 4025 patriae
547 3944 635 4008 exire
666 3942 815 4021 jubetur3
851 3948 885 4006 et
913 3942 1021 4006 differt
1055 3963 1074 4007 a
1110 3944 1342 4024 deportatione,

154 4030 239 4108 quod
262 4032 419 4113 relegatio
450 4037 484 4095 et
507 4030 636 4096 exilium
660 4031 925 4094 existimationem
959 4037 1135 4112 consumat,
1160 4033 1344 4112 deportatio

154 4136 317 4184 ueroeam
335 4125 459 4184 tantum
483 4120 614 4183 minuat.
639 4119 845 4199 Deportatus,
871 4119 1021 4183 bannitus
1047 4119 1096 4183 uel
1118 4121 1291 4200 relegatus,
1317 4121 1343 4184 si

152 4205 355 4287 indulgentia
374 4207 528 4289 principis
550 4207 719 4271 restitutus
741 4205 849 4286 fuerit,
875 4211 940 4270 tum
962 4225 1022 4286 per
1046 4208 1152 4272 omnia
1174 4208 1345 4288 pristinum

154 4298 274 4360 statum
288 4296 415 4376 recipit.
438 4296 483 4359 Et
498 4295 525 4360 si
540 4297 626 4359 intra
642 4300 767 4375 tempus
783 4294 1018 4377 praescriptum
1035 4298 1219 4375 revertitur,
1237 4298 1346 4376 sicque

153 4382 271 4449 iactam
305 4384 555 4449 transactionem
588 4383 747 4463 fregerit,
769 4383 895 4463 priores
930 4382 1032 4464 digiti,
1068 4385 1182 4463 quibus
1215 4384 1336 4464 juravit

153 4469 216 4551 ipsi
239 4473 400 4552 amputari
416 4473 535 4537 debent
550 4460 610 4549 (ca
628 4471 728 4537 Ooact.
750 4470 861 4536 Caroli
876 4470 907 4534 V.
927 4469 967 4535 de
983 4472 1080 4557 capit.
1102 4494 1188 4539 cous.
1207 4493 1230 4540 c.
1251 4434 1346 4556 108.)
